2242 3930
115 114 148 161 Vl
500 122 677 164 Pnsnrmo

110 271 261 346 proposi:
283 286 391 330 eornm
405 266 532 330 mannis
548 266 669 352 gaudet
686 273 732 331 vel
745 265 885 330 horunce
896 265 984 332 redis
996 269 1101 352 gestit

113 362 190 425 dum
212 382 247 425 se
268 363 370 426 amari
390 359 431 424 ab
453 361 541 425 bisce
564 361 629 447 (his
651 362 680 446 e)
702 362 806 427 credit
824 362 936 427 crebro
955 363 991 425 in
1005 362 1101 427 Alba

113 481 189 523 num
210 461 280 544 rapi
306 459 347 524 ob
375 459 433 542 (ad
454 468 482 536 ε)
511 457 622 524 florem
644 461 762 524 aetatis
784 481 861 524 suae
883 482 899 522 ε
927 463 1012 537 Oad„
1038 467 1102 527 rtem

111 559 254 635 Iosephus
268 559 403 634 Seolioer
423 561 571 621 animadv.
592 562 624 620 ia
643 561 849 635 chronolopica
862 560 983 621 Eusebia·
996 578 1033 637 p.
1047 561 1103 622 141

111 658 157 717 ed.
179 660 239 729 alt,
259 660 319 717 nisi
336 659 417 732 qaod
432 659 481 720 tie
498 659 587 720 vnto
605 653 646 718 ob
663 653 774 718 florem
791 655 906 718 aetatis
922 675 1000 718 suae
1022 659 1105 720 teo-

111 756 158 813 oit.
197 770 237 813 ex
261 754 337 813 libro
361 755 518 815 Bem’elino
537 755 709 830 Seiopeaue
733 756 789 815 ias
813 757 964 830 excerpsit
987 755 1106 817 doae-

109 857 214 925 pentes
231 852 412 926 scripturas:
433 845 475 910 ab
496 845 556 910 his‘
570 883 612 897 ·-
627 847 739 912 credat
751 883 795 900 -
808 847 903 935 rapif
981 851 1022 914 20
1033 856 1107 936 post

112 943 248 1008 sublatis
268 943 366 1008 rebus
391 949 457 1010 cod.
477 949 555 1010 Bao.
580 946 660 1031 ipsis
688 945 823 1010 sublatis
843 946 940 1010 rebus
968 966 993 1009 ε.
1014 947 1104 1032 ipsus

112 1041 247 1106 sublatis
266 1041 362 1107 rebus
379 1045 452 1108 θεαὶ.
475 1043 543 1107 suis
564 1040 700 1108 sublatis
719 1043 817 1108 rebus
831 1046 1016 1109 umentes.
1038 1047 1105 1110 suis

111 1137 228 1203 ablatis
243 1139 340 1204 rebus
358 1146 486 1219 Wolfins.
516 1143 607 1227 ipsus
624 1141 759 1206 sublatis
776 1141 850 1205 ibus
861 1144 1006 1219 Scalrba.
1036 1143 1104 1207 auis

111 1234 266 1320 spoliatus
293 1237 389 1302 rebus
419 1243 560 1316 Georoius
580 1243 849 1317 Bezzenberperas.
886 1240 976 1325 ipsus
1008 1239 1103 1304 laetis

110 1332 207 1396 rebus
233 1338 358 1398 Botirius
442 1339 478 1398 21
504 1335 660 1400 Graeciae
684 1340 807 1400 Botiios
891 1340 930 1400 22
958 1345 1104 1402 mortuus

110 1439 159 1493 est
179 1452 196 1492 ε
224 1434 296 1494 Orod.
381 1435 419 1496 23
442 1432 548 1519 Scipio
569 1433 618 1497 illi
635 1432 771 1519 profuit,
797 1432 843 1496 nil
862 1433 993 1498 Laelius
1023 1441 1104 1501 Wol-

107 1532 165 1600 fius
248 1527 395 1606 itidem]
412 1528 446 1593 id
463 1534 583 1605 Wolfius
666 1532 706 1593 26
728 1531 835 1616 qui—
848 1529 1010 1594 seruolum
1026 1536 1103 1597 Sea-

109 1627 184 1699 ἱέμεν
445 1649 447 1653 ’

192 1724 224 1782 P.
245 1727 263 1784 4
285 1742 311 1784 o.
334 1723 352 1782 2
372 1733 401 1787 et
421 1727 439 1787 6
463 1723 604 1788 Caecilio
624 1734 654 1788 et
674 1722 808 1788 Caecilii
830 1728 964 1788 Muretus
982 1744 1105 1804 operam

111 1818 147 1879 II
163 1837 194 1895 p.
207 1819 266 1881 655
287 1822 475 1898 emittebat„
496 1823 640 1899 Scclicer.
675 1818 790 1885 Onerio
811 1820 934 1905 (Gerio)
951 1831 983 1884 et
996 1821 1104 1885 Caerii

110 1912 226 1991 (Cerii)
252 1938 268 1979 e
295 1920 386 1991 Orda
411 1924 453 1997 cf.
474 1923 651 1984 Ribcbelius
670 1925 690 1983 1.
707 1925 728 1984 1.
749 1940 781 1999 p.
798 1920 858 1981 329
943 1920 1026 1982 9ex
1052 1919 1104 1985 his

110 2009 241 2098 Hecyra
259 2022 351 2079 sexta
362 2020 495 2082 Bothius.
527 2015 659 2103 Hecyra
676 2023 769 2080 sexta
784 2036 825 2079 ex
840 2014 889 2079 bis
909 2035 925 2078 e
945 2016 1017 2078 Oret.

108 2109 221 2175 robis
248 2120 320 2176 acta
343 2135 368 2176 ε.
403 2113 454 2178 bis
483 2115 535 2178 die
560 2122 633 2177 aeto
655 2117 729 2177 Ood.
761 2112 813 2178 bis
836 2135 894 2199 pro
922 2133 1006 2179 noua
1030 2123 1105 2179 acta

108 2209 283 2273 Bitschelias
300 2231 332 2290 p.
348 2212 408 2276 333
496 2215 530 2273 11
556 2209 708 2273 uidelicet
731 2231 755 2272 ε.
775 2210 810 2272 id
832 2219 881 2274 est
904 2216 977 2275 Oad.
1066 2218 1103 2276 lt

110 2303 278 2390 Scipione3
307 2328 440 2394 eamque
466 2310 643 2385 Setopenus.
690 2305 839 2389 Scipione
870 2325 1009 2391 namque
1037 2314 1103 2373 eod.

107 2407 184 2468 Deo.
223 2403 382 2489 Scipione.
411 2405 547 2470 eandem
570 2409 681 2468 Donati
704 2407 751 2467 ed.
776 2405 896 2466 Mentel.
943 2400 1103 2489 Scipione,

108 2501 299 2586 quibuscum
317 2502 521 2568 familiariter
537 2503 630 2569 uixit.
653 2501 788 2566 eandem
805 2523 821 2564 ε
833 2511 958 2582 praeter
972 2505 1102 2582 Mentel„

110 2603 183 2663 Oua.
283 2606 318 2664 17
346 2599 490 2665 melinoli
517 2623 541 2663 ε.
567 2598 718 2663 maleuoli
748 2603 838 2663 Oua„-
863 2603 905 2676 ef.
927 2602 1104 2665 Bitschelius

107 2703 184 2763 Mus.
207 2703 313 2777 philol.
342 2703 405 2764 VII
419 2720 454 2779 p.
474 2702 532 2765 581
622 2701 660 2761 19
681 2698 853 2762 uehemens
880 2698 1102 2762 existimante

110 2800 182 2860 Osci.
282 2796 322 2860 24
352 2797 474 2861 sciebat
505 2806 537 2861 et
562 2795 727 2861 Leliorum
754 2796 898 2882 Scipioni
923 2801 1032 2860 Donati
1055 2803 1102 2862 ed.

109 2897 232 2969 Mentel„
258 2897 338 2957 am
355 2898 484 2971 fortasse
503 2899 688 2960 sorbendum
707 2906 766 2959 est:
792 2892 914 2957 sciebat
936 2901 968 2956 et
989 2892 1102 2958 Laelio

107 3000 139 3053 et
160 2990 304 3076 Scipioni
388 2994 428 3055 26
450 2989 486 3055 C.
506 2990 675 3056 Memmius
696 2997 760 3057 cod.
777 2996 864 3068 Bon,
886 2995 966 3069 qood
984 2996 1103 3054 carrec-

107 3098 175 3150 toro
196 3097 345 3152 essecutus
364 3099 430 3152 aar
446 3093 481 3150 F.
496 3090 663 3152 Ellendtius
677 3095 789 3167 protea
804 3095 836 3152 ia
852 3092 910 3152 Cic.
924 3091 1052 3151 Brutum
1069 3107 1102 3164 p.

106 3186 184 3245 LXI
198 3190 243 3248 ed.
261 3205 311 3263 pr.
325 3182 388 3263 Qu.
410 3183 579 3248 Memmius
602 3206 627 3247 ε.
649 3183 687 3263 Q.
710 3184 880 3248 Memmius
903 3188 976 3249 oso.
1062 3184 1101 3245 30

107 3284 283 3365 temperius
306 3305 330 3346 ε.
351 3285 527 3368 temporius
551 3287 624 3348 aaa.

192 3382 224 3439 P.
243 3383 261 3441 5
284 3401 309 3442 o.
330 3386 343 3444 1
363 3402 397 3459 sq
432 3402 493 3465 quo
514 3380 645 3445 consule
666 3379 751 3444 ludis
771 3360 1014 3466 Megalensibus
1032 3381 1102 3440 Rit-
