2242 3930
11 212 160 266 23-39
342 210 626 273 EVNVCHVS.
944 211 985 274 93

31 386 92 446 lbi
109 387 250 463 seruos,
272 381 354 462 quod
372 400 429 461 ego
447 382 571 461 arripui.
604 382 662 441 Aa.
686 380 767 457 Quid
782 381 898 443 iderti
926 384 984 444 Cu.

437 479 562 538 Tateitus
586 479 676 539 eitius
698 477 820 539 aaidier:
856 520 861 532 ·

35 584 93 644 vt
116 583 248 642 uestem
274 598 341 639 cum
369 597 406 639 eo
428 580 544 638 mitem
574 585 606 639 et
625 597 683 658 pro
708 575 765 637 illo
794 578 915 640 iubeam
936 597 985 639 me

434 674 509 736 illae
530 675 647 736 dicier.

10 829 12 838 ,
43 778 118 838 Pro
151 775 339 838 euuaiehoni
387 775 445 835 Cu.
469 775 521 835 Sic
542 782 599 834 eat.
648 778 706 837 Aa.
730 774 810 852 Quid
832 794 870 835 ex
892 793 928 835 ea
949 794 985 836 re
1003 803 1027 844 25

435 872 559 933 tandem
576 881 610 934 ut
626 893 754 955 caperes
772 873 944 935 cimmodi‘i

10 1019 19 1035 .
46 974 187 1054 Rogata?
214 971 369 1049 uiderem,
397 970 551 1048 audirem,
582 990 682 1032 essem
703 992 762 1032 ama
783 976 910 1051 quteum
933 991 986 1030 eu-

435 1071 573 1150 piebam,
595 1051 741 1151 antipho.

51 1171 143 1231 Num
167 1171 264 1250 parua
293 1187 382 1229 cama
411 1174 462 1226 aut
488 1171 583 1247 priua
605 1168 737 1228 ratioati
767 1166 899 1227 triditua
921 1187 986 1228 sum

429 1263 563 1326 mailieri.
933 1272 984 1328 575

56 1363 120 1426 Illa
143 1363 216 1425 ilico
239 1365 292 1426 ubi
312 1382 361 1425 me
380 1363 519 1443 aceepit,
545 1361 626 1422 laeta
647 1363 723 1421 uero
745 1359 784 1421 ad
806 1380 840 1422 ee
863 1358 985 1422 abducit

434 1459 572 1520 domum:

58 1559 268 1621 Commendat
280 1558 440 1638 uirginem.
476 1560 534 1618 Aa.
556 1557 656 1633 Quoi?
671 1558 793 1617 tibine?
821 1557 878 1618 Cu.
894 1559 985 1619 Mihi.

436 1658 495 1718 Ara.
519 1656 599 1715 Satis
622 1659 689 1716 tut6
710 1663 821 1717 tamen.

10 1777 32 1817 r.
61 1755 171 1816 Edicit
196 1773 236 1815 ue
262 1755 312 1814 uir
335 1757 494 1834 quiequam
519 1753 557 1813 ad
580 1773 646 1813 eam
667 1752 774 1833 adeat,
797 1755 924 1816 etmihi
945 1776 985 1816 ue
1005 1787 1029 1828 π

427 1851 589 1913 abscedam
610 1854 746 1930 inperat:

61 1952 95 2012 ln
112 1952 264 2011 interiore
279 1953 367 2031 pairte
384 1956 419 2010 ut
439 1968 575 2010 maneam
591 1948 674 2009 silua
694 1971 760 2010 eum
779 1949 854 2011 sola.
885 1951 984 2013 tduuo

62 2050 196 2110 Terram
207 2051 329 2110 intuens
340 2047 489 2111 modeste.
526 2050 585 2108 Ar.
606 2048 715 2108 Miser.
747 2049 803 2109 Cra.
827 2050 916 2128 ‘Ego’
938 2054 985 2111 in·

428 2151 495 2228 quit
517 2148 569 2207 ‘ad
590 2167 696 2208 cenam
715 2148 786 2207 hinc
806 2152 872 2208 ea’:
933 2159 984 2213 580

63 2246 202 2309 Abducit
223 2267 326 2309 seeum
349 2247 493 2309 anciliae:
514 2268 646 2329 paucae,
669 2249 747 2326 quae
769 2248 882 2308 circum
898 2246 984 2310 illam

437 2348 558 2423 essent,
580 2353 704 2406 manent

62 2442 213 2505 Nouiciae
232 2441 365 2525 puellae.
402 2447 546 2505 continuo
569 2445 645 2505 haec
668 2443 819 2505 adornant
839 2445 873 2504 ait
890 2443 983 2506 lauet.

63 2542 225 2603 Adhdrtur
245 2551 425 2624 properent.
460 2542 531 2602 dum
553 2543 734 2623 adparatur,
754 2545 841 2622 uirgo
864 2544 897 2603 iu
912 2563 984 2605 aon·
1003 2566 1027 2608 aa

435 2640 515 2701 claui
535 2640 625 2701 sedet

60 2738 250 2819 Suspectans
283 2738 416 2800 tabulam
454 2738 604 2819 quandam
635 2740 765 2819 pietam3
807 2741 850 2799 ibi
882 2742 983 2800 inerat

428 2839 549 2918 pictura
570 2838 664 2915 haee,
686 2837 789 2898 Iouem

59 2935 130 3012 Quo
159 2938 249 3014 paieto
276 2933 397 2995 Danaae
425 2937 544 2996 misisse
570 2937 654 2996 aiunt
683 2933 834 3014 quendam
861 2935 894 2994 iu
914 2953 985 3013 gre·

429 3037 522 3095 mium
542 3036 672 3095 imbrem
693 3035 828 3096 mireum.
932 3040 984 3095 585

56 3132 196 3212 Egomet
220 3150 341 3211 quoque
367 3130 400 3194 id
429 3137 570 3213 epectire
592 3131 697 3211 coepi:
730 3136 763 3190 et
791 3132 861 3207 quia
883 3133 984 3189 eonsi-

432 3229 536 3291 milem
557 3229 678 3289 latuerat

55 3328 123 3391 lam
153 3325 226 3389 olim
247 3326 303 3388 ssle
323 3326 445 3407 ludum,
471 3326 619 3409 inpe‘ndio
647 3325 741 3405 magis
769 3323 885 3402 inimus
912 3341 984 3402 gau-

436 3424 529 3486 debat
550 3424 635 3501 mihi,
