2242 3930
81 230 143 295 140
326 228 512 290 HEAVTON
534 229 822 294 TfflORVMENOS.
899 239 956 297 113
970 243 1064 298 41-t

164 414 240 474 Nam
255 433 292 474 ea
307 416 359 475 res
377 412 463 474 dedit
476 421 541 474 tum
556 415 758 476 existumandi
776 420 894 497 copiam

164 513 346 574 Cotidianae
360 516 442 572 uitae
458 514 722 594 consuetudinem,

166 614 250 688 Quae
267 614 435 690 quoiusque
450 614 605 691 ingenium
620 620 654 673 ut
671 618 712 673 sit
727 613 866 675 declarat
881 621 1035 677 maxume.

164 711 335 771 'Pexdntem
351 709 445 770 telam
460 710 599 770 stridiose
614 714 710 791 ipsam
725 713 921 792 offendimus,
1036 725 1064 781 28

163 809 371 872 Mediocriter
388 811 530 868 uestitum
545 815 633 868 ueste
647 809 771 888 lugubri

165 900 261 991 (Eius
277 909 363 968 tnuis
379 925 469 966 cansa
483 908 592 985 opinor
607 926 685 985 quae
700 917 768 966 erat
781 903 923 996 mortno]

164 1012 239 1073 Sine
253 1012 343 1070 cairo:
365 1015 430 1068 tum
444 1016 581 1067 ornatam
595 1011 638 1066 ita
652 1010 697 1067 uti
715 1028 792 1088 quae
807 1012 960 1070 ornantur
976 1012 1048 1090 sibi,

163 1110 252 1173 Nullt
266 1109 396 1170 molare
411 1126 480 1168 esse
498 1107 662 1187 c'xpolitam
675 1108 820 1168 muliebri

172 1229 190 1260 ἦ
365 1227 384 1258 ⁴}
559 1225 578 1256 ⁴}
752 1225 771 1258 Ἰ

164 1307 301 1390 Capillus
319 1325 426 1388 passus
441 1305 560 1386 prolixo
576 1312 605 1364 et
619 1305 736 1364 circrim
751 1317 842 1386 caput
1035 1318 1064 1372 29

162 1409 308 1468 Reiectus
322 1403 536 1483 neglegenter,
557 1423 624 1483 pax.
653 1403 741 1465 Corn.
757 1405 835 1484 Syre
850 1408 902 1484 mi,
923 1410 1061 1485 obsecro,

164 1507 211 1566 Ne
225 1523 274 1564 me
290 1508 322 1563 in
337 1503 487 1562 laetitiam
501 1502 620 1560 fristra
634 1503 776 1561 conicitis.
799 1503 851 1563 Sr.
868 1505 955 1564 Anus

165 1604 333 1665 Subtemen
351 1601 459 1658 nebat:
481 1599 644 1678 pradterea
661 1618 720 1657 una
735 1599 880 1659 ancillula

162 1703 256 1775 Erat3
278 1701 315 1759 da
328 1699 453 1759 teschat
470 1698 539 1774 rina,
560 1697 669 1776 pannis
686 1699 796 1777 dbsita,

161 1797 335 1878 Neglecta,
371 1793 517 1854 inmunda
542 1792 671 1854 inluuie.
726 1797 810 1858 Gur.
835 1798 868 1857 Si
894 1799 972 1860 haec
1002 1805 1064 1877 sunt,

535 1891 647 1971 Clinia,
1031 1907 1064 1962 nt

162 1996 256 2074 Vera,
279 1997 321 2054 ita
337 1994 383 2053 nti
396 1991 503 2071 credo,
526 1996 592 2072 quis
607 1999 671 2052 test
684 1993 894 2054 fortundtior‘t

164 2095 237 2157 Scin
254 2095 332 2153 hinc
348 2112 437 2171 quam
453 2090 529 2151 dicit
544 2090 732 2152 sordidatam
748 2099 780 2152 et
795 2092 973 2152 sdrdidam?

163 2192 309 2270 Magnum
324 2191 384 2250 hdo
402 2210 524 2270 quoque
542 2192 707 2269 signnmst,
731 2189 882 2251 ddminam
904 2211 974 2252 esse
998 2198 1064 2253 extn

526 2290 656 2367 noxiam,

164 2389 261 2464 Quom
277 2389 343 2447 ciris
358 2392 419 2446 tam
434 2385 641 2466 negleguntur
655 2389 850 2447 internuntii.

161 2488 237 2547 Nam
252 2485 445 2566 disciplinast
460 2491 515 2564 eis,
539 2485 771 2547 demnnerairier
1032 2500 1064 2552 sd

38 2611 64 2653 oo
161 2584 300 2648 Ancillas
314 2587 455 2665 primum,
479 2584 517 2643 ad
533 2586 669 2645 dominus
686 2588 737 2664 qui
753 2585 909 2646 adfectdnt
924 2589 1015 2647 uiam.

78 2690 165 2752 Cura.
187 2688 299 2766 Perge,
321 2687 451 2745 obsecro
468 2692 516 2754 te,
539 2694 572 2745 et
586 2689 660 2745 cane
674 2704 713 2744 ne
728 2684 837 2745 falsam
854 2688 986 2763 grttiam

162 2785 293 2846 Studets
306 2785 397 2844 inire.
418 2782 492 2862 quid
507 2787 559 2860 ait,
579 2785 630 2843 ubi
645 2802 694 2842 me
708 2786 870 2843 nominas?

78 2886 131 2947 Sr.
161 2885 222 2947 Vbi
238 2884 366 2945 dicimus
383 2882 505 2942 redisse
519 2893 551 2942 te
567 2892 599 2943 et
614 2888 724 2962 rogtre
738 2886 783 2943 uti

160 2984 292 3046 Veniret
306 2981 345 3042 ad
359 2990 403 3059 tc,
425 2981 536 3041 muilier
551 2981 642 3042 telam
658 2980 772 3042 desinit
1032 2998 1064 3050 30

35 3105 61 3145 ao
160 3084 313 3143 Continuo
330 3088 362 3141 ct
377 3079 521 3140 lacrumis
540 3080 694 3161 oppletos
710 3081 807 3139 totaim
823 3082 891 3158 sibi,

159 3181 202 3242 Vt
216 3177 309 3238 sicile
325 3181 422 3239 scires
437 3177 593 3238 desiderio
609 3179 641 3237 id
656 3179 738 3240 fieri.

75 3276 162 3338 Cura.
185 3278 264 3337 Prae
280 3277 407 3355 gaudio,
430 3279 472 3336 ita
490 3276 586 3337 medi
603 3283 714 3355 ament,
736 3278 787 3336 nbi
803 3279 859 3337 sim
873 3279 998 3338 nescio:

157 3375 201 3434 lta
215 3377 313 3435 timui.
342 3377 426 3436 Cum.
445 3377 486 3434 nt
501 3394 557 3453 ego
575 3374 620 3434 nil
634 3376 702 3434 esse
718 3377 842 3453 scibam,
866 3373 975 3435 Clinia.

149 3474 221 3550 Age
235 3473 307 3532 drim
323 3474 470 3553 uicissim,
492 3473 582 3554 Sy‘re,
603 3472 653 3533 dic
669 3493 746 3553 quae
761 3473 847 3533 illast
863 3471 987 3536 altera?
1031 3490 1064 3541 an
