2242 3930
132 207 194 269 186
545 203 723 268 inunum.
935 224 938 231 ’
974 207 1006 263 ιι
1062 224 1066 249 =

106 408 119 449 u
132 390 190 450 Da.
216 389 405 449 Praesertim
418 395 452 448 ut
467 408 548 447 nune
559 395 630 446 sunt
643 390 764 447 m6res:
785 385 865 447 aden
877 387 928 446 res
941 384 1017 447 redit:

216 487 318 567 Siquis
335 485 409 565 quid
424 485 539 564 reddit,
559 490 667 563 magna
680 484 856 544 habendast
870 486 972 564 guttia.

216 584 279 646 Sed
291 584 365 665 qnid
376 594 409 645 tu
422 605 455 645 es
466 585 590 644 tristia?
603 585 660 644 Gn.
668 568 799 663 ligone?
810 585 912 644 nescia
922 601 975 662 quo
984 585 1005 640 ln

216 685 335 760 Quanto
347 687 379 742 in
389 681 509 764 periclo
519 685 620 741 simus.
632 681 689 741 Da.
700 680 782 756 Quid
791 682 875 741 iatue
886 680 952 740 eat?
961 679 1003 740 Gn.

215 780 310 842 Modo
328 783 361 841 ait
376 788 481 841 tacere
495 780 604 859 pissia.
626 779 685 840 Du.
698 779 758 838 Abi
773 779 828 857 sis,
846 779 983 837 insciens:
1064 819 1067 854 :

215 879 330 954 Quoius
345 879 380 937 tn
394 877 486 938 fidem
499 879 532 936 in
547 878 678 957 pecnnia
690 877 901 955 perspexeris,

215 975 336 1035 Verere
350 977 446 1034 uerba
461 976 490 1034 ei
507 972 661 1034 eredere?
678 975 730 1033 uhi
746 971 822 1052 quid
835 973 910 1032 mihi
923 969 1008 1031 luerit

216 1073 264 1132 Te
279 1071 413 1133 fillere‘l
431 1074 488 1134 Gn.
500 1073 582 1150 Ergo
596 1071 740 1132 ausculta.
764 1071 823 1130 Du.
837 1071 924 1129 Hane
935 1083 1022 1148 opertu

587 1166 665 1229 dico.
1062 1222 1066 1227 .

183 1314 190 1328 .
214 1268 303 1328 Senis
315 1270 425 1346 unatri,
439 1268 534 1345 Daue,
549 1268 678 1328 fratrem
692 1266 841 1326 maiorem
853 1265 998 1326 Chremem
1062 1255 1067 1259 ’

214 1365 343 1426 Nostin?
363 1365 420 1425 Da.
440 1364 590 1444 Quidni?
615 1362 788 1442 Ganuidt
810 1364 877 1423 eiua
894 1368 996 1441 gnatum

584 1460 704 1521 driam?

181 1607 187 1620 .
215 1559 291 1620 Tam
308 1563 397 1639 quim
411 1568 454 1620 te.
477 1562 533 1622 Gn.
550 1562 663 1620 Euenit
678 1559 802 1618 senibus
817 1557 959 1618 ambubaia
970 1545 1028 1614 uui

213 1658 277 1718 lter
287 1655 335 1717 illi
350 1659 383 1716 in
395 1659 543 1719 Lemnum
560 1668 594 1719 ut
609 1663 702 1736 esset,
717 1663 825 1717 nostro
838 1657 872 1716 in
884 1653 1003 1717 ciliciam
1056 1689 1067 1724 a

214 1754 264 1816 Ad
278 1757 431 1836 halapitem
446 1760 615 1838 antiquom:
638 1760 664 1815 is
679 1774 785 1815 senem
797 1774 855 1835 per
872 1749 1000 1834 epistula!
1056 1768 1067 1839 ᾖ

213 1853 358 1931 Palleant,
379 1853 469 1914 modu
484 1875 546 1914 non
560 1856 671 1916 mantis
686 1855 752 1913 anri
767 1852 929 1933 paillieenu.
1056 1861 1062 1905 i

215 2345 333 2423 Cepisti
349 2343 463 2405 duram.
488 2347 543 2406 Gn.
556 2347 602 2405 Mi
618 2348 688 2406 uisus
705 2348 802 2423 uenit,
819 2347 970 2406 hiennio:
1062 2366 1067 2405 ι

214 2443 344 2502 Memini
358 2442 492 2522 relinqui
510 2447 560 2504 me
578 2444 636 2504 deo
654 2446 734 2505 irattl
751 2464 828 2505 meo.
1060 2444 1063 2455 '

214 2539 311 2618 Coepi
328 2537 485 2599 tduoraari
502 2545 616 2621 primo:
637 2540 711 2622 quid
728 2544 832 2602 uerbis
851 2543 963 2622 opust?
1060 2541 1062 2547 ’

214 2637 288 2696 Seni
304 2636 407 2697 fidelis
425 2638 496 2699 daim
515 2661 590 2719 sum,
609 2639 747 2720 scapulas
763 2639 898 2720 perdidi.

212 2735 336 2795 Venere
350 2737 383 2794 in
399 2743 533 2797 mentem
548 2740 590 2798 mi
608 2743 716 2798 istaec:
738 2737 819 2796 ‘nam
836 2756 914 2816 quae
926 2724 1047 2797 insunt
1063 2736 1067 2794 l

195 2830 386 2893 ¹Aulutrsum
406 2834 562 2895 stimulum
581 2835 707 2896 calcesl'
731 2837 820 2915 coepi
836 2839 882 2896 eis
900 2835 991 2896 ‹imnia
1065 2840 1066 2844 ’

212 2930 340 3008 Facere,
358 2933 486 3011 ‹lbsequi
506 2953 582 3011 qnae
598 2932 728 2993 uellent.
750 2933 808 2998 Da.
822 2933 915 2994 Scisti
929 2929 1036 2992 anfora·

181 3074 186 3087 .
212 3026 327 3087 Noster
340 3027 411 3088 mali
426 3028 470 3087 nil
487 3033 647 3109 quicquam
661 3032 776 3110 primo:
796 3031 848 3090 hie
863 3026 1005 3089 Phaedria

212 3125 365 3187 Continuo
384 3126 533 3206 quandam
549 3133 655 3188 ntctus
672 3134 721 3188 est
737 3126 903 3207 puellulam

213 3224 454 3287 Citharistriam:
475 3228 554 3286 hanc
573 3231 675 3287 amare
693 3228 797 3306 coepit
812 3225 944 3306 perdite.

212 3322 258 3381 Ea
273 3323 428 3384 seruiebat
444 3324 549 3384 lenoni
565 3325 786 3403 inpurissum0:

212 3420 320 3500 Neque
337 3420 418 3500 quad
434 3421 560 3482 daretur
576 3425 750 3502 quicquam:
767 3422 801 3482 id
816 3427 958 3482 curaraint
969 3418 1067 3499 patret,
