<?xml version="1.0" encoding="UTF-8"?>
<!DOCTYPE html PUBLIC "-//W3C//DTD XHTML 1.0 Transitional//EN"
    "http://www.w3.org/TR/xhtml1/DTD/xhtml1-transitional.dtd">
<html xmlns="http://www.w3.org/1999/xhtml" xml:lang="en" lang="en">
 <head>
  <title>
</title>
<meta http-equiv="Content-Type" content="text/html;charset=utf-8" />
  <meta name='ocr-system' content='tesseract 3.04.00' />
  <meta name='ocr-capabilities' content='ocr_page ocr_carea ocr_par ocr_line ocrx_word'/>
</head>
<body>
  <div class='ocr_page' id='page_1' title='image "./pterenticomoedi02teregoog_0014.png"; bbox 0 0 2242 3930; ppageno 0'>
   <div class='ocr_carea' id='block_1_1' title="bbox 411 212 1010 260">
    <p class='ocr_par' dir='ltr' id='par_1_1' title="bbox 411 212 1010 260">
     <span class='ocr_line' id='line_1_1' title="bbox 411 212 1010 260; baseline 0.007 -5"><span class='ocrx_word' id='word_1_1' title='bbox 411 213 591 257; x_wconf 70' lang='lat' dir='ltr'>PRAEFATIO</span> <span class='ocrx_word' id='word_1_2' title='bbox 974 212 1010 260; x_wconf 76' lang='lat' dir='ltr'><strong><em>lx</em></strong></span> 
     </span>
    </p>
   </div>
   <div class='ocr_carea' id='block_1_2' title="bbox 10 364 1013 3576">
    <p class='ocr_par' dir='ltr' id='par_1_2' title="bbox 10 364 1012 2096">
     <span class='ocr_line' id='line_1_2' title="bbox 10 364 1010 443; baseline -0.001 -15"><span class='ocrx_word' id='word_1_3' title='bbox 10 380 86 428; x_wconf 70' lang='lat' dir='ltr'><strong><em>oum</em></strong></span> <span class='ocrx_word' id='word_1_4' title='bbox 107 366 238 426; x_wconf 80' lang='lat' dir='ltr'><em>codicem</em></span> <span class='ocrx_word' id='word_1_5' title='bbox 251 364 427 424; x_wconf 81' lang='lat' dir='ltr'><strong><em>Bemlinurn</em></strong></span> <span class='ocrx_word' id='word_1_6' title='bbox 446 381 509 424; x_wconf 90' lang='lat' dir='ltr'><strong><em>esse</em></strong></span> <span class='ocrx_word' id='word_1_7' title='bbox 531 380 569 424; x_wconf 89' lang='lat' dir='ltr'><strong><em>oc</em></strong></span> <span class='ocrx_word' id='word_1_8' title='bbox 588 367 674 440; x_wconf 78' lang='lat' dir='ltr'><strong><em>lonpe</em></strong></span> <span class='ocrx_word' id='word_1_9' title='bbox 690 367 829 440; x_wconf 78' lang='lat' dir='ltr'><strong><em>plurimis</em></strong></span> <span class='ocrx_word' id='word_1_10' title='bbox 846 367 1010 443; x_wconf 78' lang='lat' dir='ltr'><strong><em>Galliopio-</em></strong></span> 
     </span>
     <span class='ocr_line' id='line_1_3' title="bbox 10 461 1012 536; baseline -0.001 -11"><span class='ocrx_word' id='word_1_11' title='bbox 10 481 114 525; x_wconf 72' lang='lat' dir='ltr'><strong><em>orum</em></strong></span> <span class='ocrx_word' id='word_1_12' title='bbox 140 465 241 524; x_wconf 87' lang='lat' dir='ltr'><strong><em>naevis</em></strong></span> <span class='ocrx_word' id='word_1_13' title='bbox 266 463 468 536; x_wconf 78' lang='lat' dir='ltr'><strong><em>ubsteraendis</em></strong></span> <span class='ocrx_word' id='word_1_14' title='bbox 494 461 648 535; x_wconf 80' lang='lat' dir='ltr'><strong><em>sufficere,</em></strong></span> <span class='ocrx_word' id='word_1_15' title='bbox 683 463 737 523; x_wconf 88' lang='lat' dir='ltr'><strong><em>sed</em></strong></span> <span class='ocrx_word' id='word_1_16' title='bbox 760 466 807 524; x_wconf 86' lang='lat' dir='ltr'><strong><em>uel</em></strong></span> <span class='ocrx_word' id='word_1_17' title='bbox 831 466 874 524; x_wconf 85' lang='lat' dir='ltr'><strong><em>sie</em></strong></span> <span class='ocrx_word' id='word_1_18' title='bbox 898 471 1012 524; x_wconf 89' lang='lat' dir='ltr'><strong><em>restare</em></strong></span> 
     </span>
     <span class='ocr_line' id='line_1_4' title="bbox 10 559 1011 634; baseline -0.001 -11"><span class='ocrx_word' id='word_1_19' title='bbox 10 579 85 623; x_wconf 80' lang='lat' dir='ltr'><strong><em>uae</em></strong></span> <span class='ocrx_word' id='word_1_20' title='bbox 105 578 173 622; x_wconf 91' lang='lat' dir='ltr'><strong><em>cum</em></strong></span> <span class='ocrx_word' id='word_1_21' title='bbox 200 561 264 622; x_wconf 88' lang='lat' dir='ltr'><strong><em>tolli</em></strong></span> <span class='ocrx_word' id='word_1_22' title='bbox 281 559 419 619; x_wconf 80' lang='lat' dir='ltr'><strong><em>Bemoini</em></strong></span> <span class='ocrx_word' id='word_1_23' title='bbox 441 574 495 633; x_wconf 89' lang='lat' dir='ltr'><strong><em>ope</em></strong></span> <span class='ocrx_word' id='word_1_24' title='bbox 521 572 680 634; x_wconf 81' lang='lat' dir='ltr'><strong><em>nequeant,</em></strong></span> <span class='ocrx_word' id='word_1_25' title='bbox 704 563 786 620; x_wconf 84' lang='lat' dir='ltr'><strong><em>ultra</em></strong></span> <span class='ocrx_word' id='word_1_26' title='bbox 811 562 898 621; x_wconf 76' lang='lat' dir='ltr'><strong><em>leuius</em></strong></span> <span class='ocrx_word' id='word_1_27' title='bbox 921 563 1011 634; x_wconf 80' lang='lat' dir='ltr'><strong><em>fideru</em></strong></span> 
     </span>
     <span class='ocr_line' id='line_1_5' title="bbox 10 660 1011 734; baseline 0.002 -16"><span class='ocrx_word' id='word_1_28' title='bbox 10 661 225 734; x_wconf 68' lang='lat' dir='ltr'><strong><em>roprediendi</em></strong></span> <span class='ocrx_word' id='word_1_29' title='bbox 243 666 272 719; x_wconf 88' lang='lat' dir='ltr'><strong><em>el</em></strong></span> <span class='ocrx_word' id='word_1_30' title='bbox 294 661 398 719; x_wconf 86' lang='lat' dir='ltr'><strong><em>salutis</em></strong></span> <span class='ocrx_word' id='word_1_31' title='bbox 417 677 434 718; x_wconf 94' lang='lat' dir='ltr'><strong><em>e</em></strong></span> <span class='ocrx_word' id='word_1_32' title='bbox 454 660 622 719; x_wconf 86' lang='lat' dir='ltr'><strong><em>coniectura</em></strong></span> <span class='ocrx_word' id='word_1_33' title='bbox 644 661 792 734; x_wconf 87' lang='lat' dir='ltr'><strong><em>petendae</em></strong></span> <span class='ocrx_word' id='word_1_34' title='bbox 813 661 1011 720; x_wconf 88' lang='lat' dir='ltr'><strong><em>necessitatem</em></strong></span> 
     </span>
     <span class='ocr_line' id='line_1_6' title="bbox 10 756 1011 832; baseline -0.004 -12"><span class='ocrx_word' id='word_1_35' title='bbox 10 765 177 820; x_wconf 72' lang='lat' dir='ltr'><strong><em>sonarem.</em></strong></span> <span class='ocrx_word' id='word_1_36' title='bbox 193 759 264 818; x_wconf 73' lang='lat' dir='ltr'><strong><em>ltine</em></strong></span> <span class='ocrx_word' id='word_1_37' title='bbox 278 759 370 831; x_wconf 76' lang='lat' dir='ltr'><strong><em>icitur</em></strong></span> <span class='ocrx_word' id='word_1_38' title='bbox 382 756 536 832; x_wconf 83' lang='lat' dir='ltr'><strong><em>profectus</em></strong></span> <span class='ocrx_word' id='word_1_39' title='bbox 554 763 583 817; x_wconf 92' lang='lat' dir='ltr'><strong><em>et</em></strong></span> <span class='ocrx_word' id='word_1_40' title='bbox 594 759 626 816; x_wconf 90' lang='lat' dir='ltr'><strong><em>in</em></strong></span> <span class='ocrx_word' id='word_1_41' title='bbox 643 759 788 817; x_wconf 71' lang='lat' dir='ltr'><strong><em>auxilium</em></strong></span> <span class='ocrx_word' id='word_1_42' title='bbox 802 757 940 818; x_wconf 75' lang='lat' dir='ltr'><strong><em>odldlitis</em></strong></span> <span class='ocrx_word' id='word_1_43' title='bbox 953 774 1011 817; x_wconf 90' lang='lat' dir='ltr'><strong><em>non</em></strong></span> 
     </span>
     <span class='ocr_line' id='line_1_7' title="bbox 10 855 1009 928; baseline -0.002 -12"><span class='ocrx_word' id='word_1_44' title='bbox 10 860 102 917; x_wconf 84' lang='lat' dir='ltr'><strong><em>oium</em></strong></span> <span class='ocrx_word' id='word_1_45' title='bbox 123 861 253 915; x_wconf 88' lang='lat' dir='ltr'><strong><em>ueterum</em></strong></span> <span class='ocrx_word' id='word_1_46' title='bbox 274 855 467 928; x_wconf 84' lang='lat' dir='ltr'><strong><em>scriptorum,</em></strong></span> <span class='ocrx_word' id='word_1_47' title='bbox 494 855 630 927; x_wconf 78' lang='lat' dir='ltr'><strong><em>inprimis</em></strong></span> <span class='ocrx_word' id='word_1_48' title='bbox 646 857 909 927; x_wconf 81' lang='lat' dir='ltr'><strong><em>prommoticorum</em></strong></span> <span class='ocrx_word' id='word_1_49' title='bbox 927 859 1009 915; x_wconf 83' lang='lat' dir='ltr'><strong><em>testi-</em></strong></span> 
     </span>
     <span class='ocr_line' id='line_1_8' title="bbox 10 951 1010 1025; baseline -0.006 -7"><span class='ocrx_word' id='word_1_50' title='bbox 10 957 114 1018; x_wconf 71' lang='lat' dir='ltr'><strong><em>soniis</em></strong></span> <span class='ocrx_word' id='word_1_51' title='bbox 135 955 174 1013; x_wconf 89' lang='lat' dir='ltr'><strong><em>de</em></strong></span> <span class='ocrx_word' id='word_1_52' title='bbox 193 955 291 1013; x_wconf 90' lang='lat' dir='ltr'><strong><em>multis</em></strong></span> <span class='ocrx_word' id='word_1_53' title='bbox 311 953 418 1011; x_wconf 77' lang='lat' dir='ltr'><strong><em>iamim</em></strong></span> <span class='ocrx_word' id='word_1_54' title='bbox 436 951 611 1024; x_wconf 73' lang='lat' dir='ltr'><strong><em>facularum</em></strong></span> <span class='ocrx_word' id='word_1_55' title='bbox 633 952 775 1025; x_wconf 72' lang='lat' dir='ltr'><strong><em>verubus,</em></strong></span> <span class='ocrx_word' id='word_1_56' title='bbox 797 952 852 1012; x_wconf 90' lang='lat' dir='ltr'><strong><em>sed</em></strong></span> <span class='ocrx_word' id='word_1_57' title='bbox 869 956 956 1012; x_wconf 86' lang='lat' dir='ltr'><strong><em>etiam</em></strong></span> <span class='ocrx_word' id='word_1_58' title='bbox 970 957 1010 1013; x_wconf 88' lang='lat' dir='ltr'><strong><em>eis</em></strong></span> 
     </span>
     <span class='ocr_line' id='line_1_9' title="bbox 10 1049 1010 1127; baseline -0.003 -12"><span class='ocrx_word' id='word_1_59' title='bbox 10 1071 83 1115; x_wconf 85' lang='lat' dir='ltr'><strong><em>uae</em></strong></span> <span class='ocrx_word' id='word_1_60' title='bbox 94 1054 217 1127; x_wconf 78' lang='lat' dir='ltr'><strong><em>priores</em></strong></span> <span class='ocrx_word' id='word_1_61' title='bbox 236 1051 364 1110; x_wconf 79' lang='lat' dir='ltr'><strong><em>editores</em></strong></span> <span class='ocrx_word' id='word_1_62' title='bbox 377 1051 487 1123; x_wconf 80' lang='lat' dir='ltr'><strong><em>aliique</em></strong></span> <span class='ocrx_word' id='word_1_63' title='bbox 501 1049 632 1109; x_wconf 78' lang='lat' dir='ltr'><strong><em>nomines</em></strong></span> <span class='ocrx_word' id='word_1_64' title='bbox 642 1050 722 1110; x_wconf 89' lang='lat' dir='ltr'><strong><em>docti</em></strong></span> <span class='ocrx_word' id='word_1_65' title='bbox 730 1051 773 1108; x_wconf 89' lang='lat' dir='ltr'><strong><em>od</em></strong></span> <span class='ocrx_word' id='word_1_66' title='bbox 781 1050 900 1111; x_wconf 87' lang='lat' dir='ltr'><strong><em>easdem</em></strong></span> <span class='ocrx_word' id='word_1_67' title='bbox 908 1069 1010 1112; x_wconf 86' lang='lat' dir='ltr'><strong><em>emeu-</em></strong></span> 
     </span>
     <span class='ocr_line' id='line_1_10' title="bbox 10 1148 1011 1224; baseline -0.003 -12"><span class='ocrx_word' id='word_1_68' title='bbox 10 1152 132 1212; x_wconf 78' lang='lat' dir='ltr'><strong><em>landos</em></strong></span> <span class='ocrx_word' id='word_1_69' title='bbox 154 1150 226 1208; x_wconf 87' lang='lat' dir='ltr'><strong><em>doto</em></strong></span> <span class='ocrx_word' id='word_1_70' title='bbox 250 1164 344 1223; x_wconf 89' lang='lat' dir='ltr'><strong><em>opera</em></strong></span> <span class='ocrx_word' id='word_1_71' title='bbox 370 1149 622 1220; x_wconf 80' lang='lat' dir='ltr'><strong><em>excapitaverunt,</em></strong></span> <span class='ocrx_word' id='word_1_72' title='bbox 649 1148 743 1206; x_wconf 72' lang='lat' dir='ltr'><strong><em>verbu</em></strong></span> <span class='ocrx_word' id='word_1_73' title='bbox 756 1151 864 1223; x_wconf 77' lang='lat' dir='ltr'><strong><em>pollue</em></strong></span> <span class='ocrx_word' id='word_1_74' title='bbox 885 1152 1011 1224; x_wconf 80' lang='lat' dir='ltr'><strong><em>intepri-</em></strong></span> 
     </span>
     <span class='ocr_line' id='line_1_11' title="bbox 10 1245 1012 1321; baseline -0.003 -12"><span class='ocrx_word' id='word_1_75' title='bbox 10 1255 98 1309; x_wconf 77' lang='lat' dir='ltr'><strong><em>atem</em></strong></span> <span class='ocrx_word' id='word_1_76' title='bbox 120 1251 262 1321; x_wconf 80' lang='lat' dir='ltr'><strong><em>quantum</em></strong></span> <span class='ocrx_word' id='word_1_77' title='bbox 277 1247 365 1321; x_wconf 90' lang='lat' dir='ltr'><strong><em>potui</em></strong></span> <span class='ocrx_word' id='word_1_78' title='bbox 383 1245 535 1303; x_wconf 80' lang='lat' dir='ltr'><strong><em>restituere</em></strong></span> <span class='ocrx_word' id='word_1_79' title='bbox 549 1249 670 1303; x_wconf 89' lang='lat' dir='ltr'><strong><em>conatus</em></strong></span> <span class='ocrx_word' id='word_1_80' title='bbox 682 1260 756 1303; x_wconf 90' lang='lat' dir='ltr'><strong><em>sum.</em></strong></span> <span class='ocrx_word' id='word_1_81' title='bbox 777 1262 833 1319; x_wconf 81' lang='lat' dir='ltr'><strong><em>quo</em></strong></span> <span class='ocrx_word' id='word_1_82' title='bbox 852 1247 884 1305; x_wconf 90' lang='lat' dir='ltr'><strong><em>in</em></strong></span> <span class='ocrx_word' id='word_1_83' title='bbox 899 1250 1012 1321; x_wconf 81' lang='lat' dir='ltr'><strong><em>nepotio</em></strong></span> 
     </span>
     <span class='ocr_line' id='line_1_12' title="bbox 10 1342 1011 1418; baseline -0.001 -12"><span class='ocrx_word' id='word_1_84' title='bbox 10 1361 86 1407; x_wconf 74' lang='lat' dir='ltr'><strong><em>mou</em></strong></span> <span class='ocrx_word' id='word_1_85' title='bbox 106 1344 239 1404; x_wconf 70' lang='lat' dir='ltr'><strong><em>srmddia</em></strong></span> <span class='ocrx_word' id='word_1_86' title='bbox 259 1345 319 1403; x_wconf 89' lang='lat' dir='ltr'><strong><em>uisi</em></strong></span> <span class='ocrx_word' id='word_1_87' title='bbox 333 1358 409 1417; x_wconf 82' lang='lat' dir='ltr'><strong><em>puae</em></strong></span> <span class='ocrx_word' id='word_1_88' title='bbox 429 1342 559 1401; x_wconf 80' lang='lat' dir='ltr'><strong><em>omnibus</em></strong></span> <span class='ocrx_word' id='word_1_89' title='bbox 576 1347 714 1416; x_wconf 84' lang='lat' dir='ltr'><strong><em>paterent</em></strong></span> <span class='ocrx_word' id='word_1_90' title='bbox 733 1343 807 1402; x_wconf 77' lang='lat' dir='ltr'><strong><em>milri</em></strong></span> <span class='ocrx_word' id='word_1_91' title='bbox 822 1351 941 1418; x_wconf 87' lang='lat' dir='ltr'><strong><em>praesto</em></strong></span> <span class='ocrx_word' id='word_1_92' title='bbox 954 1362 1011 1404; x_wconf 91' lang='lat' dir='ltr'><strong><em>nou</em></strong></span> 
     </span>
     <span class='ocr_line' id='line_1_13' title="bbox 10 1440 1011 1518; baseline -0.002 -14"><span class='ocrx_word' id='word_1_93' title='bbox 10 1444 138 1504; x_wconf 76' lang='lat' dir='ltr'><strong><em>uerunt</em></strong></span> <span class='ocrx_word' id='word_1_94' title='bbox 152 1447 276 1515; x_wconf 88' lang='lat' dir='ltr'><strong><em>praeter</em></strong></span> <span class='ocrx_word' id='word_1_95' title='bbox 297 1456 388 1500; x_wconf 90' lang='lat' dir='ltr'><strong><em>unum</em></strong></span> <span class='ocrx_word' id='word_1_96' title='bbox 407 1443 572 1518; x_wconf 80' lang='lat' dir='ltr'><strong><em>exemplum</em></strong></span> <span class='ocrx_word' id='word_1_97' title='bbox 590 1440 725 1499; x_wconf 87' lang='lat' dir='ltr'><strong><em>editionis</em></strong></span> <span class='ocrx_word' id='word_1_98' title='bbox 745 1447 868 1502; x_wconf 89' lang='lat' dir='ltr'><strong><em>curatae</em></strong></span> <span class='ocrx_word' id='word_1_99' title='bbox 889 1444 927 1502; x_wconf 82' lang='lat' dir='ltr'><strong><em>ab</em></strong></span> <span class='ocrx_word' id='word_1_100' title='bbox 945 1442 1011 1502; x_wconf 78' lang='lat' dir='ltr'><strong><em>An-</em></strong></span> 
     </span>
     <span class='ocr_line' id='line_1_14' title="bbox 10 1525 1011 1612; baseline 0 -12"><span class='ocrx_word' id='word_1_101' title='bbox 10 1542 88 1601; x_wconf 77' lang='lat' dir='ltr'><strong><em>muo</em></strong></span> <span class='ocrx_word' id='word_1_102' title='bbox 100 1537 400 1612; x_wconf 61' lang='lat' dir='ltr'><strong><em>autumationum</em></strong></span> <span class='ocrx_word' id='word_1_103' title='bbox 411 1535 567 1612; x_wconf 77' lang='lat' dir='ltr'><strong><em>apulsa.</em></strong></span> <span class='ocrx_word' id='word_1_104' title='bbox 579 1525 1011 1612; x_wconf 60' lang='lat' dir='ltr'><strong><em>cupioperperam)</em></strong></span> 
     </span>
     <span class='ocr_line' id='line_1_15' title="bbox 10 1636 1011 1713; baseline 0.001 -16"><span class='ocrx_word' id='word_1_105' title='bbox 10 1639 203 1699; x_wconf 70' lang='lat' dir='ltr'><strong><em>:dservutum</em></strong></span> <span class='ocrx_word' id='word_1_106' title='bbox 223 1637 300 1697; x_wconf 85' lang='lat' dir='ltr'><strong><em>illud</em></strong></span> <span class='ocrx_word' id='word_1_107' title='bbox 319 1638 350 1695; x_wconf 86' lang='lat' dir='ltr'><strong><em>iu</em></strong></span> <span class='ocrx_word' id='word_1_108' title='bbox 372 1636 542 1695; x_wconf 74' lang='lat' dir='ltr'><strong><em>bibliotheca</em></strong></span> <span class='ocrx_word' id='word_1_109' title='bbox 561 1638 646 1710; x_wconf 80' lang='lat' dir='ltr'><strong><em>repia</em></strong></span> <span class='ocrx_word' id='word_1_110' title='bbox 662 1636 837 1697; x_wconf 89' lang='lat' dir='ltr'><strong><em>Monacensi</em></strong></span> <span class='ocrx_word' id='word_1_111' title='bbox 850 1642 1011 1713; x_wconf 78' lang='lat' dir='ltr'><strong><em>(sipnatum</em></strong></span> 
     </span>
     <span class='ocr_line' id='line_1_16' title="bbox 10 1732 1011 1811; baseline -0.001 -15"><span class='ocrx_word' id='word_1_112' title='bbox 10 1737 40 1796; x_wconf 75' lang='grc'><strong><em>4.</em></strong></span> <span class='ocrx_word' id='word_1_113' title='bbox 58 1737 129 1796; x_wconf 85' lang='lat' dir='ltr'><strong><em>Lat.</em></strong></span> <span class='ocrx_word' id='word_1_114' title='bbox 149 1751 178 1793; x_wconf 91' lang='lat' dir='ltr'><strong><em>o.</em></strong></span> <span class='ocrx_word' id='word_1_115' title='bbox 201 1732 283 1805; x_wconf 80' lang='lat'>290),</span> <span class='ocrx_word' id='word_1_116' title='bbox 307 1735 391 1792; x_wconf 87' lang='lat' dir='ltr'><strong><em>cuius</em></strong></span> <span class='ocrx_word' id='word_1_117' title='bbox 411 1733 594 1806; x_wconf 79' lang='lat' dir='ltr'><strong><em>marpinibus</em></strong></span> <span class='ocrx_word' id='word_1_118' title='bbox 615 1733 720 1792; x_wconf 77' lang='lat' dir='ltr'><strong><em>Petrum</em></strong></span> <span class='ocrx_word' id='word_1_119' title='bbox 746 1734 890 1794; x_wconf 75' lang='lat' dir='ltr'><strong><em>Victorius</em></strong></span> <span class='ocrx_word' id='word_1_120' title='bbox 910 1738 1011 1811; x_wconf 49' lang='lat' dir='ltr'><strong><em>scrip-¹</em></strong></span> 
     </span>
     <span class='ocr_line' id='line_1_17' title="bbox 10 1828 1012 1906; baseline 0 -14"><span class='ocrx_word' id='word_1_121' title='bbox 10 1849 98 1893; x_wconf 86' lang='lat' dir='ltr'><strong><em>urus</em></strong></span> <span class='ocrx_word' id='word_1_122' title='bbox 111 1832 304 1905; x_wconf 88' lang='lat' dir='ltr'><strong><em>complurium</em></strong></span> <span class='ocrx_word' id='word_1_123' title='bbox 319 1829 468 1902; x_wconf 74' lang='lat' dir='ltr'><strong><em>mirorum,</em></strong></span> <span class='ocrx_word' id='word_1_124' title='bbox 482 1831 513 1888; x_wconf 90' lang='lat' dir='ltr'><strong><em>in</em></strong></span> <span class='ocrx_word' id='word_1_125' title='bbox 526 1830 569 1889; x_wconf 87' lang='lat' dir='ltr'><strong><em>eis</em></strong></span> <span class='ocrx_word' id='word_1_126' title='bbox 580 1828 718 1889; x_wconf 80' lang='lat' dir='ltr'><strong><em>Beuoou·</em></strong></span> <span class='ocrx_word' id='word_1_127' title='bbox 727 1834 917 1906; x_wconf 81' lang='lat' dir='ltr'><strong><em>ascripserat,</em></strong></span> <span class='ocrx_word' id='word_1_128' title='bbox 933 1833 1012 1893; x_wconf 88' lang='lat' dir='ltr'><strong><em>uude</em></strong></span> 
     </span>
     <span class='ocr_line' id='line_1_18' title="bbox 10 1925 1010 2005; baseline 0.003 -16"><span class='ocrx_word' id='word_1_129' title='bbox 10 1934 127 2005; x_wconf 71' lang='lat' dir='ltr'><strong><em>:liquot</em></strong></span> <span class='ocrx_word' id='word_1_130' title='bbox 144 1931 214 1989; x_wconf 87' lang='lat' dir='ltr'><strong><em>locis</em></strong></span> <span class='ocrx_word' id='word_1_131' title='bbox 227 1929 264 1987; x_wconf 91' lang='lat' dir='ltr'><strong><em>de</em></strong></span> <span class='ocrx_word' id='word_1_132' title='bbox 281 1929 405 1988; x_wconf 88' lang='lat' dir='ltr'><strong><em>lectione</em></strong></span> <span class='ocrx_word' id='word_1_133' title='bbox 423 1928 511 1987; x_wconf 77' lang='lat' dir='ltr'><strong><em>huius</em></strong></span> <span class='ocrx_word' id='word_1_134' title='bbox 529 1925 632 2004; x_wconf 88' lang='lat' dir='ltr'><strong><em>optimi</em></strong></span> <span class='ocrx_word' id='word_1_135' title='bbox 644 1928 715 1988; x_wconf 85' lang='lat' dir='ltr'><strong><em>libri</em></strong></span> <span class='ocrx_word' id='word_1_136' title='bbox 728 1945 804 2003; x_wconf 82' lang='lat' dir='ltr'><strong><em>quae</em></strong></span> <span class='ocrx_word' id='word_1_137' title='bbox 818 1932 940 1991; x_wconf 82' lang='lat' dir='ltr'><strong><em>aliunde</em></strong></span> <span class='ocrx_word' id='word_1_138' title='bbox 954 1949 1010 1992; x_wconf 90' lang='lat' dir='ltr'><strong><em>non</em></strong></span> 
     </span>
     <span class='ocr_line' id='line_1_19' title="bbox 10 2024 508 2096; baseline -0.014 -7"><span class='ocrx_word' id='word_1_139' title='bbox 10 2035 76 2089; x_wconf 80' lang='lat' dir='ltr'><strong><em>rat</em></strong></span> <span class='ocrx_word' id='word_1_140' title='bbox 96 2032 168 2087; x_wconf 87' lang='lat' dir='ltr'><strong><em>nota</em></strong></span> <span class='ocrx_word' id='word_1_141' title='bbox 188 2027 296 2085; x_wconf 77' lang='lat' dir='ltr'><strong><em>certior</em></strong></span> <span class='ocrx_word' id='word_1_142' title='bbox 312 2024 415 2096; x_wconf 86' lang='lat' dir='ltr'><strong><em>factus</em></strong></span> <span class='ocrx_word' id='word_1_143' title='bbox 435 2042 508 2083; x_wconf 92' lang='lat' dir='ltr'><strong><em>sum.</em></strong></span> 
     </span>
    </p>

    <p class='ocr_par' dir='ltr' id='par_1_3' title="bbox 10 2122 1013 3576">
     <span class='ocr_line' id='line_1_20' title="bbox 94 2122 1013 2196; baseline 0 -13"><span class='ocrx_word' id='word_1_144' title='bbox 94 2125 159 2183; x_wconf 90' lang='lat' dir='ltr'><strong><em>Pro</em></strong></span> <span class='ocrx_word' id='word_1_145' title='bbox 177 2122 374 2195; x_wconf 86' lang='lat' dir='ltr'><strong><em>fundamento</em></strong></span> <span class='ocrx_word' id='word_1_146' title='bbox 387 2123 475 2181; x_wconf 80' lang='lat' dir='ltr'><strong><em>huius</em></strong></span> <span class='ocrx_word' id='word_1_147' title='bbox 491 2124 681 2194; x_wconf 82' lang='lat' dir='ltr'><strong><em>recensionis,</em></strong></span> <span class='ocrx_word' id='word_1_148' title='bbox 704 2128 737 2180; x_wconf 87' lang='lat' dir='ltr'><strong><em>ut</em></strong></span> <span class='ocrx_word' id='word_1_149' title='bbox 743 2138 808 2196; x_wconf 90' lang='lat' dir='ltr'><strong><em>por</em></strong></span> <span class='ocrx_word' id='word_1_150' title='bbox 822 2130 902 2195; x_wconf 87' lang='lat' dir='ltr'><strong><em>erat,</em></strong></span> <span class='ocrx_word' id='word_1_151' title='bbox 923 2124 1013 2183; x_wconf 78' lang='lat' dir='ltr'><strong><em>nolui</em></strong></span> 
     </span>
     <span class='ocr_line' id='line_1_21' title="bbox 10 2217 1012 2293; baseline -0.003 -10"><span class='ocrx_word' id='word_1_152' title='bbox 10 2221 144 2284; x_wconf 78' lang='lat' dir='ltr'><strong><em>Ricardi</em></strong></span> <span class='ocrx_word' id='word_1_153' title='bbox 156 2219 273 2279; x_wconf 88' lang='lat' dir='ltr'><strong><em>Bentlei</em></strong></span> <span class='ocrx_word' id='word_1_154' title='bbox 290 2221 444 2280; x_wconf 81' lang='lat' dir='ltr'><strong><em>editionum</em></strong></span> <span class='ocrx_word' id='word_1_155' title='bbox 465 2222 591 2279; x_wconf 89' lang='lat' dir='ltr'><strong><em>alterum</em></strong></span> <span class='ocrx_word' id='word_1_156' title='bbox 612 2235 689 2293; x_wconf 80' lang='lat' dir='ltr'><strong><em>quae</em></strong></span> <span class='ocrx_word' id='word_1_157' title='bbox 705 2217 914 2280; x_wconf 80' lang='lat' dir='ltr'><strong><em>Arnstelodomi</em></strong></span> <span class='ocrx_word' id='word_1_158' title='bbox 933 2237 1012 2280; x_wconf 89' lang='lat' dir='ltr'><strong><em>anno</em></strong></span> 
     </span>
     <span class='ocr_line' id='line_1_22' title="bbox 10 2317 1012 2393; baseline -0.002 -13"><span class='ocrx_word' id='word_1_159' title='bbox 10 2317 257 2380; x_wconf 78' lang='lat' dir='ltr'><em>MDCCXXVII</em></span> <span class='ocrx_word' id='word_1_160' title='bbox 280 2318 411 2393; x_wconf 88' lang='lat' dir='ltr'><strong><em>prodiit:</em></strong></span> <span class='ocrx_word' id='word_1_161' title='bbox 439 2332 458 2375; x_wconf 92' lang='lat' dir='ltr'><strong><em>a</em></strong></span> <span class='ocrx_word' id='word_1_162' title='bbox 484 2318 569 2376; x_wconf 89' lang='lat' dir='ltr'><strong><em>cuius</em></strong></span> <span class='ocrx_word' id='word_1_163' title='bbox 596 2321 731 2392; x_wconf 78' lang='lat' dir='ltr'><strong><em>exemplo</em></strong></span> <span class='ocrx_word' id='word_1_164' title='bbox 756 2317 808 2376; x_wconf 82' lang='lat' dir='ltr'><strong><em>ubi</em></strong></span> <span class='ocrx_word' id='word_1_165' title='bbox 831 2320 1012 2378; x_wconf 88' lang='lat' dir='ltr'><strong><em>recessissem</em></strong></span> 
     </span>
     <span class='ocr_line' id='line_1_23' title="bbox 10 2416 1012 2490; baseline -0.002 -12"><span class='ocrx_word' id='word_1_166' title='bbox 10 2418 126 2478; x_wconf 74' lang='lat' dir='ltr'><strong><em>additis</em></strong></span> <span class='ocrx_word' id='word_1_167' title='bbox 144 2416 311 2476; x_wconf 78' lang='lat' dir='ltr'><strong><em>auctoribus</em></strong></span> <span class='ocrx_word' id='word_1_168' title='bbox 324 2421 377 2474; x_wconf 90' lang='lat' dir='ltr'><strong><em>aut</em></strong></span> <span class='ocrx_word' id='word_1_169' title='bbox 394 2416 537 2475; x_wconf 78' lang='lat' dir='ltr'><strong><em>librorum</em></strong></span> <span class='ocrx_word' id='word_1_170' title='bbox 551 2417 727 2490; x_wconf 86' lang='lat' dir='ltr'><strong><em>scriptorum</em></strong></span> <span class='ocrx_word' id='word_1_171' title='bbox 741 2419 882 2477; x_wconf 76' lang='lat' dir='ltr'><strong><em>memmio</em></strong></span> <span class='ocrx_word' id='word_1_172' title='bbox 903 2425 955 2476; x_wconf 90' lang='lat' dir='ltr'><strong><em>out</em></strong></span> <span class='ocrx_word' id='word_1_173' title='bbox 970 2420 1012 2477; x_wconf 86' lang='lat' dir='ltr'><strong><em>eis</em></strong></span> 
     </span>
     <span class='ocr_line' id='line_1_24' title="bbox 10 2513 1012 2587; baseline 0 -13"><span class='ocrx_word' id='word_1_174' title='bbox 10 2513 177 2575; x_wconf 70' lang='lat' dir='ltr'><strong><em>iominrdus</em></strong></span> <span class='ocrx_word' id='word_1_175' title='bbox 202 2513 294 2573; x_wconf 84' lang='lat' dir='ltr'><strong><em>doctis</em></strong></span> <span class='ocrx_word' id='word_1_176' title='bbox 320 2514 372 2586; x_wconf 80' lang='lat' dir='ltr'><strong><em>qui</em></strong></span> <span class='ocrx_word' id='word_1_177' title='bbox 393 2514 510 2572; x_wconf 89' lang='lat' dir='ltr'><strong><em>illorum</em></strong></span> <span class='ocrx_word' id='word_1_178' title='bbox 539 2515 725 2587; x_wconf 84' lang='lat' dir='ltr'><strong><em>corruptelas</em></strong></span> <span class='ocrx_word' id='word_1_179' title='bbox 751 2514 822 2574; x_wconf 80' lang='lat' dir='ltr'><strong><em>bene</em></strong></span> <span class='ocrx_word' id='word_1_180' title='bbox 842 2514 1012 2574; x_wconf 81' lang='lat' dir='ltr'><strong><em>emendasse</em></strong></span> 
     </span>
     <span class='ocr_line' id='line_1_25' title="bbox 10 2609 1011 2685; baseline -0.001 -12"><span class='ocrx_word' id='word_1_181' title='bbox 10 2613 184 2673; x_wconf 74' lang='lat' dir='ltr'><strong><em>riderentur</em></strong></span> <span class='ocrx_word' id='word_1_182' title='bbox 204 2613 235 2670; x_wconf 87' lang='lat' dir='ltr'><strong><em>in</em></strong></span> <span class='ocrx_word' id='word_1_183' title='bbox 256 2611 314 2669; x_wconf 76' lang='lat' dir='ltr'><strong><em>icoc</em></strong></span> <span class='ocrx_word' id='word_1_184' title='bbox 328 2609 522 2684; x_wconf 84' lang='lat' dir='ltr'><strong><em>praefatioru</em></strong></span> <span class='ocrx_word' id='word_1_185' title='bbox 541 2626 689 2685; x_wconf 82' lang='lat' dir='ltr'><strong><em>exponere</em></strong></span> <span class='ocrx_word' id='word_1_186' title='bbox 708 2613 914 2672; x_wconf 84' lang='lat' dir='ltr'><strong><em>constitueram</em></strong></span> <span class='ocrx_word' id='word_1_187' title='bbox 919 2633 931 2682; x_wconf 88' lang='lat'><strong><em>,·</em></strong></span> <span class='ocrx_word' id='word_1_188' title='bbox 958 2629 1011 2672; x_wconf 91' lang='lat' dir='ltr'><strong><em>oe-</em></strong></span> 
     </span>
     <span class='ocr_line' id='line_1_26' title="bbox 10 2706 1012 2782; baseline -0.001 -13"><span class='ocrx_word' id='word_1_189' title='bbox 10 2724 79 2769; x_wconf 66' lang='lat' dir='ltr'><strong><em>”um</em></strong></span> <span class='ocrx_word' id='word_1_190' title='bbox 99 2722 170 2766; x_wconf 84' lang='lat' dir='ltr'><strong><em>mox</em></strong></span> <span class='ocrx_word' id='word_1_191' title='bbox 187 2710 320 2768; x_wconf 78' lang='lat' dir='ltr'><strong><em>intellexi</em></strong></span> <span class='ocrx_word' id='word_1_192' title='bbox 338 2708 396 2767; x_wconf 79' lang='lat' dir='ltr'><strong><em>hac</em></strong></span> <span class='ocrx_word' id='word_1_193' title='bbox 414 2710 528 2767; x_wconf 88' lang='lat' dir='ltr'><strong><em>ratione</em></strong></span> <span class='ocrx_word' id='word_1_194' title='bbox 542 2715 671 2782; x_wconf 87' lang='lat' dir='ltr'><strong><em>peracto</em></strong></span> <span class='ocrx_word' id='word_1_195' title='bbox 686 2706 757 2779; x_wconf 86' lang='lat' dir='ltr'><strong><em>fore</em></strong></span> <span class='ocrx_word' id='word_1_196' title='bbox 771 2716 803 2767; x_wconf 90' lang='lat' dir='ltr'><strong><em>ut</em></strong></span> <span class='ocrx_word' id='word_1_197' title='bbox 815 2712 903 2768; x_wconf 89' lang='lat' dir='ltr'><strong><em>mullo</em></strong></span> <span class='ocrx_word' id='word_1_198' title='bbox 916 2712 1012 2769; x_wconf 88' lang='lat' dir='ltr'><strong><em>maius</em></strong></span> 
     </span>
     <span class='ocr_line' id='line_1_27' title="bbox 10 2806 994 2882; baseline 0 -17"><span class='ocrx_word' id='word_1_199' title='bbox 10 2807 143 2882; x_wconf 67' lang='lat' dir='ltr'><strong><em>matium</em></strong></span> <span class='ocrx_word' id='word_1_200' title='bbox 162 2807 324 2880; x_wconf 88' lang='lat' dir='ltr'><strong><em>inpleretur</em></strong></span> <span class='ocrx_word' id='word_1_201' title='bbox 344 2821 434 2879; x_wconf 80' lang='lat' dir='ltr'><strong><em>quarn</em></strong></span> <span class='ocrx_word' id='word_1_202' title='bbox 455 2806 501 2864; x_wconf 82' lang='lat' dir='ltr'><strong><em>nis</em></strong></span> <span class='ocrx_word' id='word_1_203' title='bbox 522 2806 635 2865; x_wconf 74' lang='lat' dir='ltr'><strong><em>chortis</em></strong></span> <span class='ocrx_word' id='word_1_204' title='bbox 654 2821 821 2866; x_wconf 83' lang='lat' dir='ltr'><strong><em>eorwessum</em></strong></span> <span class='ocrx_word' id='word_1_205' title='bbox 841 2813 926 2879; x_wconf 89' lang='lat' dir='ltr'><strong><em>esset,</em></strong></span> <span class='ocrx_word' id='word_1_206' title='bbox 949 2810 994 2866; x_wconf 88' lang='lat' dir='ltr'><strong><em>itu·</em></strong></span> 
     </span>
     <span class='ocr_line' id='line_1_28' title="bbox 10 2906 1010 2982; baseline 0 -16"><span class='ocrx_word' id='word_1_207' title='bbox 10 2924 67 2982; x_wconf 72' lang='lat' dir='ltr'><strong><em>pue</em></strong></span> <span class='ocrx_word' id='word_1_208' title='bbox 87 2909 140 2966; x_wconf 79' lang='lat' dir='ltr'><strong><em>ullo</em></strong></span> <span class='ocrx_word' id='word_1_209' title='bbox 159 2906 277 2966; x_wconf 73' lang='lat' dir='ltr'><strong><em>cumdio</em></strong></span> <span class='ocrx_word' id='word_1_210' title='bbox 299 2907 409 2966; x_wconf 82' lang='lat' dir='ltr'><strong><em>abiecto</em></strong></span> <span class='ocrx_word' id='word_1_211' title='bbox 424 2922 486 2965; x_wconf 90' lang='lat' dir='ltr'><strong><em>unu</em></strong></span> <span class='ocrx_word' id='word_1_212' title='bbox 506 2922 572 2965; x_wconf 93' lang='lat' dir='ltr'><strong><em>cum</em></strong></span> <span class='ocrx_word' id='word_1_213' title='bbox 592 2907 650 2965; x_wconf 81' lang='lat' dir='ltr'><strong><em>lino</em></strong></span> <span class='ocrx_word' id='word_1_214' title='bbox 665 2909 805 2966; x_wconf 84' lang='lat' dir='ltr'><strong><em>maiorem</em></strong></span> <span class='ocrx_word' id='word_1_215' title='bbox 826 2909 933 2967; x_wconf 79' lang='lat' dir='ltr'><strong><em>irarum</em></strong></span> <span class='ocrx_word' id='word_1_216' title='bbox 951 2909 1010 2980; x_wconf 88' lang='lat' dir='ltr'><strong><em>so-</em></strong></span> 
     </span>
     <span class='ocr_line' id='line_1_29' title="bbox 10 3006 1009 3082; baseline 0 -16"><span class='ocrx_word' id='word_1_217' title='bbox 10 3008 151 3066; x_wconf 80' lang='lat' dir='ltr'><strong><em>bulurum</em></strong></span> <span class='ocrx_word' id='word_1_218' title='bbox 165 3006 321 3066; x_wconf 89' lang='lat' dir='ltr'><strong><em>editionem</em></strong></span> <span class='ocrx_word' id='word_1_219' title='bbox 331 3010 445 3082; x_wconf 87' lang='lat' dir='ltr'><strong><em>paraui</em></strong></span> <span class='ocrx_word' id='word_1_220' title='bbox 456 3009 532 3065; x_wconf 83' lang='lat' dir='ltr'><strong><em>iusto</em></strong></span> <span class='ocrx_word' id='word_1_221' title='bbox 545 3013 697 3080; x_wconf 87' lang='lat' dir='ltr'><strong><em>apparatu</em></strong></span> <span class='ocrx_word' id='word_1_222' title='bbox 714 3009 816 3066; x_wconf 86' lang='lat' dir='ltr'><strong><em>critico</em></strong></span> <span class='ocrx_word' id='word_1_223' title='bbox 830 3011 1009 3079; x_wconf 89' lang='lat' dir='ltr'><strong><em>instructam,</em></strong></span> 
     </span>
     <span class='ocr_line' id='line_1_30' title="bbox 10 3105 1013 3179; baseline -0.001 -15"><span class='ocrx_word' id='word_1_224' title='bbox 10 3120 102 3179; x_wconf 81' lang='lat' dir='ltr'><strong><em>quam</em></strong></span> <span class='ocrx_word' id='word_1_225' title='bbox 122 3118 193 3162; x_wconf 86' lang='lat' dir='ltr'><strong><em>mou</em></strong></span> <span class='ocrx_word' id='word_1_226' title='bbox 213 3106 243 3162; x_wconf 86' lang='lat' dir='ltr'><strong><em>iu</em></strong></span> <span class='ocrx_word' id='word_1_227' title='bbox 260 3105 415 3179; x_wconf 83' lang='lat' dir='ltr'><strong><em>publicum</em></strong></span> <span class='ocrx_word' id='word_1_228' title='bbox 434 3105 560 3179; x_wconf 89' lang='lat' dir='ltr'><strong><em>prodire</em></strong></span> <span class='ocrx_word' id='word_1_229' title='bbox 575 3119 664 3177; x_wconf 90' lang='lat' dir='ltr'><strong><em>posse</em></strong></span> <span class='ocrx_word' id='word_1_230' title='bbox 685 3121 780 3178; x_wconf 89' lang='lat' dir='ltr'><strong><em>spero.</em></strong></span> <span class='ocrx_word' id='word_1_231' title='bbox 802 3106 871 3165; x_wconf 81' lang='lat' dir='ltr'><strong><em>nuic</em></strong></span> <span class='ocrx_word' id='word_1_232' title='bbox 892 3106 1013 3164; x_wconf 89' lang='lat' dir='ltr'><strong><em>editioni</em></strong></span> 
     </span>
     <span class='ocr_line' id='line_1_31' title="bbox 10 3200 1010 3277; baseline 0 -16"><span class='ocrx_word' id='word_1_233' title='bbox 10 3200 110 3276; x_wconf 84' lang='lat' dir='ltr'><strong><em>iusro&#39;</em></strong></span> <span class='ocrx_word' id='word_1_234' title='bbox 121 3202 233 3261; x_wconf 89' lang='lat' dir='ltr'><strong><em>nudum</em></strong></span> <span class='ocrx_word' id='word_1_235' title='bbox 255 3204 484 3277; x_wconf 76' lang='lat' dir='ltr'><strong><em>discrepantiam</em></strong></span> <span class='ocrx_word' id='word_1_236' title='bbox 503 3204 669 3277; x_wconf 89' lang='lat' dir='ltr'><strong><em>scripturae</em></strong></span> <span class='ocrx_word' id='word_1_237' title='bbox 690 3201 885 3262; x_wconf 88' lang='lat' dir='ltr'><strong><em>Bentleiouoe</em></strong></span> <span class='ocrx_word' id='word_1_238' title='bbox 904 3203 1010 3273; x_wconf 83' lang='lat' dir='ltr'><strong><em>adieci,</em></strong></span> 
     </span>
     <span class='ocr_line' id='line_1_32' title="bbox 10 3302 1012 3377; baseline -0.001 -16"><span class='ocrx_word' id='word_1_239' title='bbox 10 3302 92 3362; x_wconf 86' lang='lat' dir='ltr'><strong><em>uude</em></strong></span> <span class='ocrx_word' id='word_1_240' title='bbox 111 3304 199 3376; x_wconf 82' lang='lat' dir='ltr'><strong><em>quasi</em></strong></span> <span class='ocrx_word' id='word_1_241' title='bbox 216 3319 274 3362; x_wconf 88' lang='lat' dir='ltr'><strong><em>uno</em></strong></span> <span class='ocrx_word' id='word_1_242' title='bbox 294 3308 449 3377; x_wconf 87' lang='lat' dir='ltr'><strong><em>conspectu</em></strong></span> <span class='ocrx_word' id='word_1_243' title='bbox 469 3304 596 3362; x_wconf 87' lang='lat' dir='ltr'><strong><em>eluceret</em></strong></span> <span class='ocrx_word' id='word_1_244' title='bbox 614 3308 737 3376; x_wconf 84' lang='lat' dir='ltr'><strong><em>quantos</em></strong></span> <span class='ocrx_word' id='word_1_245' title='bbox 758 3304 837 3361; x_wconf 88' lang='lat' dir='ltr'><strong><em>intro</em></strong></span> <span class='ocrx_word' id='word_1_246' title='bbox 855 3308 970 3360; x_wconf 86' lang='lat' dir='ltr'><strong><em>centum</em></strong></span> <span class='ocrx_word' id='word_1_247' title='bbox 983 3310 1012 3361; x_wconf 90' lang='lat' dir='ltr'><strong><em>et</em></strong></span> 
     </span>
     <span class='ocr_line' id='line_1_33' title="bbox 10 3397 1012 3473; baseline 0.002 -15"><span class='ocrx_word' id='word_1_248' title='bbox 10 3401 136 3473; x_wconf 73' lang='lat' dir='ltr'><strong><em>tripinto</em></strong></span> <span class='ocrx_word' id='word_1_249' title='bbox 168 3415 261 3459; x_wconf 91' lang='lat' dir='ltr'><strong><em>anuos</em></strong></span> <span class='ocrx_word' id='word_1_250' title='bbox 286 3401 372 3459; x_wconf 87' lang='lat' dir='ltr'><strong><em>crisis</em></strong></span> <span class='ocrx_word' id='word_1_251' title='bbox 402 3399 579 3459; x_wconf 85' lang='lat' dir='ltr'><strong><em>Terentiano</em></strong></span> <span class='ocrx_word' id='word_1_252' title='bbox 604 3401 651 3457; x_wconf 89' lang='lat' dir='ltr'><strong><em>uel</em></strong></span> <span class='ocrx_word' id='word_1_253' title='bbox 673 3403 745 3472; x_wconf 87' lang='lat' dir='ltr'><strong><em>post</em></strong></span> <span class='ocrx_word' id='word_1_254' title='bbox 767 3398 871 3469; x_wconf 79' lang='lat' dir='ltr'><strong><em>mapni</em></strong></span> <span class='ocrx_word' id='word_1_255' title='bbox 895 3397 1012 3460; x_wconf 82' lang='lat' dir='ltr'><strong><em>Bentler&#39;</em></strong></span> 
     </span>
     <span class='ocr_line' id='line_1_34' title="bbox 10 3497 1008 3576; baseline -0.005 -16"><span class='ocrx_word' id='word_1_256' title='bbox 10 3503 182 3576; x_wconf 80' lang='lat' dir='ltr'><strong><em>exemplum</em></strong></span> <span class='ocrx_word' id='word_1_257' title='bbox 208 3499 351 3572; x_wconf 74' lang='lat' dir='ltr'><strong><em>effecisset</em></strong></span> <span class='ocrx_word' id='word_1_258' title='bbox 372 3516 536 3575; x_wconf 87' lang='lat' dir='ltr'><strong><em>processus.</em></strong></span> <span class='ocrx_word' id='word_1_259' title='bbox 569 3498 677 3556; x_wconf 87' lang='lat' dir='ltr'><strong><em>seclusi</em></strong></span> <span class='ocrx_word' id='word_1_260' title='bbox 700 3497 771 3556; x_wconf 87' lang='lat' dir='ltr'><strong><em>inde</em></strong></span> <span class='ocrx_word' id='word_1_261' title='bbox 801 3510 914 3555; x_wconf 90' lang='lat' dir='ltr'><strong><em>omnem</em></strong></span> <span class='ocrx_word' id='word_1_262' title='bbox 945 3513 1008 3557; x_wconf 90' lang='lat' dir='ltr'><strong><em>eom</em></strong></span> 
     </span>
    </p>
   </div>
   <div class='ocr_carea' id='block_1_3' title="bbox 0 0 1127 3930">
    <p class='ocr_par' dir='ltr' id='par_1_4' title="bbox 0 0 1127 3930">
     <span class='ocr_line' id='line_1_35' title="bbox 0 0 1127 3930; baseline 0 0"><span class='ocrx_word' id='word_1_263' title='bbox 0 0 1127 3930; x_wconf 95' lang='lat' dir='ltr'><strong><em> </em></strong></span> 
     </span>
    </p>
   </div>
  </div>
 </body>
</html>
