2242 3930
70 256 91 304 a
107 256 127 304 ²
340 242 518 304 PHORMIO.
866 243 927 307 199

65 433 174 511 quites,
191 436 256 489 tum
271 427 368 487 etuis?
386 444 445 502 quo
459 426 553 502 magis
568 425 650 503 utui,
665 431 750 485 teuto
766 429 896 507 saepius.

65 529 99 589 lo
116 528 207 604 dum,
228 543 408 602 enumquam
422 522 602 582 iniuriarum
617 522 727 582 audisti
741 525 816 583 mihi
831 526 929 606 scrip·
942 545 967 586 ss

388 624 450 679 ttm
466 618 585 679 dicam?
765 680 767 684 Α

65 723 192 785 tistue?
214 722 271 781 Pu.
287 720 364 796 Quia
385 737 448 776 nou
468 718 537 775 rete
558 718 699 796 accipitri
719 719 858 779 tenuitur
874 739 928 779 ue-

382 835 441 895 que
456 815 561 893 miluo,
878 830 930 884 330

66 922 76 979 i
90 917 172 979 mele
190 917 306 977 fuciunt
320 915 424 974 uthis:
445 912 509 973 illis
525 915 576 990 qui
590 913 634 972 nil
650 914 766 975 faciunt
781 916 929 995 tenuitur,

67 1021 95 1077 ia
109 1018 193 1076 euim
207 1016 239 1074 iu
254 1013 318 1073 illis
334 1014 453 1073 frictus
468 1017 526 1088 est,
542 1013 575 1070 in
589 1009 653 1071 sslis
669 1031 763 1092 opera
777 1012 902 1075 luditur.

65 1116 97 1175 iis
113 1113 267 1174 eliundtst
280 1109 440 1191 periclum,
460 1107 542 1167 uude
560 1106 678 1187 eliquid
692 1110 798 1170 abradi
811 1117 929 1191 potest:

65 1212 100 1271 {hi
109 1212 211 1271 sciunt
221 1208 267 1268 uil
280 1211 356 1269 e'sse.
370 1207 454 1267 dices
466 1206 771 1268 ‘ducentdamnatum
781 1208 929 1270 domum':
943 1227 968 1268 πο

65 1328 115 1369 ere
131 1307 241 1368 nolunt
260 1308 414 1367 htmiuem
431 1304 571 1383 edacem,
598 1313 631 1365 et
645 1307 766 1386 stpiunt
778 1327 846 1367 mee
860 1328 930 1367 sen-

389 1405 497 1482 tentie,
879 1418 929 1471 335

66 1508 83 1564 ό
98 1504 246 1565 maleficio
263 1508 290 1563 si
303 1503 486 1563 beneficium
501 1505 648 1562 summum
662 1502 773 1562 uolunt
786 1502 928 1568 reddere.

65 1604 176 1682 inpete
193 1603 267 1661 sutis
280 1620 339 1681 pro
353 1600 464 1659 mtrito
480 1602 517 1659 ab
533 1588 590 1659 illo
606 1601 663 1660 tsssi
678 1602 792 1661 referri
808 1603 912 1679 guttis.

65 1722 117 1762 uso
132 1702 213 1761 enim
223 1719 315 1759 nemo
328 1699 401 1759 sitis
412 1718 469 1777 pro
481 1700 592 1759 merito
605 1702 731 1778 grttiam
745 1705 811 1780 regi
822 1702 929 1764 refert.

65 1801 112 1860 tue
127 1799 314 1860 asumbolim
330 1799 438 1857 uenire
456 1805 579 1858 unctum
597 1804 688 1878 tique
703 1799 819 1861 lautum
835 1821 852 1861 e
866 1803 931 1862 btl-
944 1820 970 1861 es

389 1897 468 1974 ueis‚

65 1997 162 2058 tionum
177 1999 213 2056 ab
230 1997 346 2073 snimo,
370 2015 460 2075 quom
475 1994 531 2054 ille
547 2002 579 2055 et
599 1997 671 2055 cire
691 2004 723 2054 et
744 2002 865 2074 sumptu
880 1996 932 2054 eb-

386 2095 528 2155 semitm!
881 2102 932 2156 340

65 2193 103 2252 im
116 2196 174 2255 tibi
187 2195 224 2254 fit
240 2192 322 2273 quod
335 2192 467 2274 plicent,
485 2193 539 2253 ille
554 2194 702 2271 ringitur:
724 2200 757 2252 tu
773 2191 885 2269 rideas,

65 2292 114 2350 rior
125 2293 221 2370 bibas,
236 2293 323 2371 pritr
334 2289 512 2351 decumbas:
534 2293 609 2351 etue
626 2289 716 2349 dubia
737 2289 930 2369 adptnitur..

65 2387 106 2447 uit
122 2391 203 2449 istue
223 2389 364 2449 uerbist?
393 2382 448 2450 Pu.
468 2373 528 2448 v'bi
549 2395 583 2448 tu
606 2387 726 2448 dubites
743 2388 816 2464 quid
832 2406 932 2447 sumes

380 2490 586 2567 potissumum.

65 2581 111 2646 [ute
128 2607 217 2666 quom
233 2588 384 2648 rationem
400 2590 484 2647 tueas
500 2608 588 2666 quam
604 2587 665 2645 siut
681 2587 782 2646 sutuia
799 2592 831 2644 et
847 2604 934 2664 quam
947 2591 972 2632 ³⁰

386 2689 457 2744 etra
470 2685 542 2762 siut,

65 2783 132 2859 tqui
144 2782 284 2862 praebet,
300 2784 360 2842 utu
372 2789 405 2840 tu
418 2783 499 2840 hune
514 2782 626 2842 habeas
636 2779 728 2860 pltne
740 2779 935 2859 praesentem

139 2880 142 2891 '
395 2878 508 2939 deum?
884 2887 935 2940 345

65 2973 130 3038 tuex
139 2978 240 3039 adest:
252 2977 324 3038 uide
337 2978 411 3058 quid
422 2997 507 3056 eges:
522 2979 619 3058 prima
630 2979 752 3038 editiost
765 2979 936 3037 acerruma:

65 3067 141 3136 ium
155 3078 347 3154 sustinueris,
363 3074 573 3155 postulatam,
591 3078 624 3135 uit
637 3075 734 3151 lubet,
749 3073 837 3134 ludts
852 3073 935 3134 licet.

65 3255 180 3304 uiuus
203 3237 285 3328 [cvu
303 3237 502 3328 suvoeffls).
538 3244 653 3301 Gssst
689 3242 874 3303 Puosulo.

67 3366 219 3448 nimquam
237 3373 398 3451 quoiquam
415 3369 663 3430 ctutumelitsius
949 3373 1005 3425 113

66 3460 164 3528 sistis
178 3469 289 3529 factam
305 3471 449 3531 iniurium
464 3490 553 3549 quam
568 3470 645 3529 haee
660 3469 709 3528 est
721 3468 818 3529 miut‘t
