2242 3930
67 829 394 924 ‚lllltltll
434 827 805 936 lltllttlllll

232 994 324 1079 llll
352 997 389 1078 P.
411 996 604 1080 llltllltlll.

346 1174 491 1183 -a

67 1304 260 1361 lERENTIVS
283 1306 351 1360 Aler
378 1290 544 1377 carthagine
569 1311 649 1362 natus
672 1307 787 1362 seruiuit
812 1307 917 1362 Romae

67 1391 175 1446 lucano
196 1389 332 1458 senatori,
356 1405 373 1443 a
393 1405 447 1460 quo
465 1391 501 1445 ob
518 1389 661 1463 ingenium
682 1397 709 1447 et
726 1393 843 1446 formam
862 1408 917 1445 non
1008 1394 1019 1421 ³

74 1475 158 1530 modo
177 1474 326 1530 liberaliter
338 1473 390 1529 sed
401 1479 429 1529 et
438 1480 545 1530 mature
557 1491 641 1531 manu
651 1476 756 1532 missus
768 1482 820 1531 est.
853 1475 917 1544 Qui·

67 1577 110 1615 um
128 1575 191 1616 esse
214 1560 388 1614 existimant:
411 1559 487 1629 quod
502 1559 564 1615 fieri
586 1563 662 1616 nullo
686 1561 770 1616 modo
791 1560 917 1632 potuisse

67 1665 74 1700 t
92 1643 185 1716 docet,
207 1660 269 1698 eum
284 1643 354 1697 inter
367 1641 451 1697 finem
463 1645 580 1700 secundi
591 1646 655 1701 belli
665 1644 761 1700 Punici
774 1652 801 1699 et
811 1645 917 1700 initium
928 1654 945 1707 5

69 1729 130 1783 ssit
141 1733 168 1783 et
184 1733 324 1782 mortuns:
343 1743 409 1793 nee,
429 1727 453 1782 si
473 1729 628 1785 aNumidis
647 1735 695 1785 aut
708 1729 832 1785 Gaetulis
848 1745 917 1800 eap-

67 1811 146 1867 lduei
154 1811 271 1866 Romam
281 1811 370 1882 ibique
381 1813 497 1867 naenire
507 1815 634 1885 potuisse
643 1815 738 1881 ‚nullo
750 1815 917 1870 commercio

67 1913 108 1952 tos
122 1902 148 1950 et
158 1897 243 1950 Afros
258 1897 311 1951 nisi
325 1902 390 1966 post
402 1894 521 1952 deletam
534 1896 730 1969 Carthaginem
746 1904 856 1969 coepto.

68 1997 131 2036 cum
149 1981 241 2035 multis
262 1980 401 2036 nobilibus
425 1981 595 2036 familiariter
619 1981 700 2049 uixit,
725 1982 778 2037 sed
798 1983 917 2037 maxime

69 2080 125 2119 one
136 2065 269 2119 Africano
284 2071 310 2120 et
319 2063 349 2120 C.
363 2066 466 2132 Laelio,
480 2065 580 2134 quibus
593 2064 675 2120 etiam
688 2066 814 2136 eorporis
827 2067 917 2138 gratia
932 2076 962 2126 10

67 2168 80 2205 s
101 2148 288 2209 existimatur:
313 2149 389 2220 quod
407 2156 434 2204 et
453 2149 545 2219 ipsum
562 2149 719 2205 Fenestella
740 2151 831 2223 arguit
853 2166 917 2206 eon-

67 2240 168 2304 ,troque
184 2234 319 2288 maiorem
330 2241 395 2288 natu
408 2234 510 2300 luisse,
529 2235 656 2306 quamuis
670 2241 696 2290 et
708 2233 851 2292 Cornelius
864 2235 917 2290 Ne-

67 2321 118 2372 tles
136 2332 232 2372 omnes
245 2319 333 2372 luisse
345 2318 434 2373 tradat
446 2324 471 2371 el
484 2319 597 2375 Porcius
610 2320 791 2390 suspitionem
806 2320 840 2374 de
853 2337 916 2375 eon-

75 2419 127 2474 per
137 2401 208 2456 haee
219 2403 318 2457 saciat:

70 2483 186 2541 seiuiaim
198 2487 330 2542 nobilium
345 2493 371 2540 et
382 2487 480 2543 larides
493 2485 607 2559 mensas,
617 2489 693 2558 petit,
931 2499 962 2548 lb

67 2571 162 2626 lrieani
175 2570 274 2626 uocem
287 2570 410 2625 diuinam
422 2567 508 2626 inhiat
521 2571 612 2627 auidis
625 2571 748 2638 ariribus,

67 2673 74 2710 ε
86 2655 123 2710 ad
134 2655 247 2711 Furinm
263 2670 364 2710 cenare
376 2660 402 2708 et
413 2655 537 2711 Lae'lium
549 2655 693 2727 pulchrrim
704 2663 791 2729 putat,

67 2755 72 2790 r
116 2777 387 2793 ......
431 2739 528 2795 ere'bro
541 2741 568 2794 in
579 2740 719 2794 Albantim
731 2743 800 2811 rapi,

67 2841 72 2877 ε
84 2825 119 2877 ab
130 2824 175 2879 his
186 2821 273 2879 ama'ri
286 2823 374 2878 eredit
386 2823 420 2879 db
434 2823 532 2879 florem
544 2813 642 2878 aetatis
654 2839 739 2880 suae:

67 2908 150 2963 blatis
161 2909 245 2965 re'bus
257 2907 294 2962 ad
307 2924 443 2963 summam
456 2905 578 2980 inopiam
590 2905 720 2963 redactus
732 2915 784 2964 est.
928 2919 963 2970 20

67 3010 78 3047 e
90 2997 242 3064 conspeetu
253 2991 375 3046 bmnium
388 2992 453 3047 abiit
464 2991 609 3047 Grae'eiam
622 2993 649 3047 in
662 3000 765 3048 terram
776 2994 907 3049 riltimarn.

70 3082 95 3131 st
107 3077 135 3131 in
148 3062 308 3149 Sty'mphalo
320 3075 460 3132 Arcadiae
472 3076 591 3147 lippido:
604 3078 643 3132 nil
654 3077 767 3133 Priblius

66 3162 184 3231 prosilit,
197 3161 235 3214 nil
247 3161 273 3214 ei
283 3160 409 3228 Lae'lius,
422 3161 460 3214 nil
474 3161 587 3227 minus,

67 3261 89 3299 rr
102 3245 177 3300 idem
190 3244 299 3314 templis
311 3245 357 3315 qui
369 3246 509 3317 agitabant
521 3245 629 3301 ndbiles
641 3242 797 3300 laer'llume:

72 3331 117 3384 ille
133 3345 217 3401 opera
229 3327 263 3383 ne'
276 3327 388 3384 domum
401 3329 512 3400 quidem
525 3327 621 3384 habuit
632 3324 844 3385 conducticiam.
928 3342 963 3395 25

73 3421 103 3468 ut
115 3419 191 3470 esset
203 3412 257 3484 qne
270 3414 385 3468 referret
396 3413 498 3468 libitum
513 3412 616 3468 domini
629 3412 766 3468 se'ruolus.

670 3492 711 3552 1,
