2302 3908
65 202 188 255 ιιι-ιι
423 201 630 263 sunum.
748 156 752 164 ’
993 203 1032 267 11

112 375 154 434 Eo
177 377 267 455 picto
290 378 321 432 ei
342 373 427 450 gnati
448 375 541 430 uitem
564 380 597 432 et
620 371 780 432 consilibus
800 392 900 433 meum

113 472 302 550 Gogndsces,
320 475 353 528 et
375 466 450 547 quid
470 467 575 529 ficere
596 471 628 528 in
649 471 706 529 bac
730 489 764 529 re
786 471 818 531 ti
839 462 943 531 uelim.
998 481 1033 532 50

111 569 182 629 Nam
205 569 232 627 is
254 570 416 647 pdstquam
439 567 571 626 excessit
593 568 629 627 ex
652 570 781 648 ephebis
803 569 913 646 [Sosim

110 667 252 726 Liberius
273 663 398 725 uiuendi
414 665 473 723 luit
493 666 642 745 potestas}
665 666 750 744 (nam
763 660 862 728 'intes
1049 689 1074 729 as

111 765 165 840 Qui
189 767 270 822 scire
291 781 398 841 posses
415 762 468 822 mit
489 763 645 839 ingenium
666 767 809 840 ndscere,

107 861 183 920 Dum
204 863 288 919 setis
310 865 408 918 metus
430 862 575 937 magister
597 861 825 939 prohibebdnt?
858 863 909 923 So.
932 861 1031 940 ltast.)

61 976 73 1019 ι.
109 957 191 1037 quod
214 955 360 1039 plerique
380 977 486 1018 omnes
508 958 624 1018 ficiunt
644 959 879 1039 adulescentuli,
995 969 1029 1021 55

107 1058 149 1117 Vt
163 1058 298 1116 inimum
314 1053 352 1114 ad
367 1053 492 1134 aliquod
514 1054 649 1115 siddium
665 1055 846 1136 adiungunt,
866 1059 919 1118 adt
934 1076 1029 1136 equus

106 1152 202 1212 Alere
226 1156 279 1212 aiut
300 1171 391 1213 canes
413 1150 452 1210 ad
472 1150 660 1232 uenandum,
683 1162 734 1213 aut
755 1153 793 1214 ad
813 1152 1030 1234 philosophos:
1046 1178 1072 1218 su

107 1252 227 1312 Horum
249 1249 301 1310 iiie
320 1249 364 1309 nil
386 1251 512 1329 egregie
530 1258 656 1330 praeter
679 1253 784 1312 cetera

107 1347 278 1424 studebat,
300 1355 332 1407 et
353 1355 454 1408 tamen
477 1349 577 1408 simnia
598 1349 675 1409 haec
695 1349 903 1410 mediocriter.

107 1446 296 1508 Gaudebam.
330 1446 382 1506 So.
401 1446 470 1507 Non
489 1448 616 1508 iniistis:
639 1468 708 1508 nam
729 1448 761 1508 id
782 1450 917 1510 irbitror
995 1457 1031 1511 6⁰

105 1545 256 1626 Adprime
279 1547 311 1604 in
334 1546 397 1606 uita
419 1563 487 1605 esse
511 1544 604 1624 utile,
623 1552 657 1606 ut
679 1546 794 1626 nequid
815 1549 914 1610 nimis.

61 1690 67 1702 .
104 1645 156 1704 Sic
178 1646 242 1703 uita
263 1650 345 1704 erat:
367 1643 460 1704 facile
483 1647 588 1705 dmnes
603 1645 747 1726 perferre
768 1650 803 1705 ic
823 1649 903 1726 pati:
1048 1667 1073 1707 ss

107 1742 184 1802 Cum
207 1742 318 1820 quibus
340 1748 408 1802 erat
428 1761 580 1822 quomque
604 1745 678 1820 uina,
701 1745 746 1804 eis
761 1762 831 1804 sese
854 1742 987 1805 dedere:

105 1841 223 1901 librum
245 1838 355 1901 studiis
377 1842 520 1918 dbsequi:
544 1840 704 1918 [aduersus
727 1843 857 1902 nemini:

104 1938 275 2016 Numquam
296 1957 491 2018 praeponens
511 1959 544 1999 se
560 1937 636 2018 illis]
657 1942 701 2000 its
721 1939 878 2001 facillume
996 1950 1030 2002 65

105 2037 181 2097 Sine
201 2035 319 2096 inuidia
337 2035 459 2097 laudem
480 2039 618 2098 inudnias
640 2046 673 2098 et
694 2040 806 2099 amicds
828 2058 927 2119 pares.

69 2183 74 2194 .
107 2135 275 2215 Sapienter
297 2133 390 2193 uitam
412 2135 559 2194 instituit:
580 2153 710 2214 namque
731 2135 790 2195 hoc
811 2137 953 2214 timpore
1047 2159 1073 2200 is

106 2231 297 2310 Obsequium
320 2233 447 2309 amicos,
470 2233 585 2294 udritas
607 2231 711 2293 udisim
731 2234 822 2312 parit.

61 2349 71 2387 μ
106 2330 233 2388 interea
254 2327 364 2389 mulier
385 2329 532 2408 quaddam
552 2331 663 2390 abhinc
679 2330 846 2390 triennium

106 2427 154 2486 Ex
172 2408 279 2486 A'ndro
298 2426 508 2505 commigriuit
527 2427 586 2486 huc
609 2428 750 2504 uiciniae,
995 2434 1029 2490 70

107 2526 213 2606 lndpia
235 2530 268 2584 et
289 2526 485 2603 sugnatdrum
508 2522 706 2603 neglegentia

108 2624 240 2701 coacta,
259 2624 384 2702 egregia
402 2622 501 2682 fdrma
520 2628 612 2702 atque
635 2627 736 2682 aetate
758 2623 887 2699 integra.
1046 2645 1071 2687 ss

61 2738 79 2781 ι.
107 2723 163 2800 Εἰ,
182 2722 297 2782 uereor
318 2721 436 2800 nequid
458 2703 575 2781 ludria
597 2719 740 2799 adportet
761 2717 841 2778 mall.

61 2837 66 2878 ι
104 2820 209 2880 Primo
229 2821 305 2879 bade
326 2819 438 2900 pudice
461 2823 553 2880 uitam
575 2837 668 2900 parce
690 2838 724 2877 ac
745 2815 866 2877 diriter

108 2918 244 2996 Agebat,
265 2915 336 2977 lana
358 2937 392 2978 ac
415 2917 477 2977 tela
498 2918 611 2977 uictum
635 2916 825 2994 quaeritans:
993 2920 1026 2976 75

108 3013 172 3075 Sed
193 3017 355 3095 pdstquam
376 3033 478 3074 amans
499 3014 630 3074 accessit
650 3013 784 3092 pretium
804 3009 967 3090 pdlliuens‚

107 3109 196 3171 Vmis
218 3116 251 3170 et
271 3113 345 3171 item
369 3111 463 3171 alter:
485 3114 527 3172 ita
549 3117 582 3170 ut
604 3111 790 3188 ingeniumst
811 3109 942 3168 bmnium
1045 3137 1070 3177 ω

108 3209 274 3269 Hominum
293 3211 330 3269 ib
351 3207 458 3268 labore
479 3205 619 3288 prdcliue
640 3204 678 3266 ad
697 3205 876 3282 lubidinem,

108 3307 241 3388 Aucdpit
262 3306 486 3384 cundiciduem‚
510 3306 583 3366 dein
603 3310 760 3383 quaestum
779 3304 900 3382 decipit.

109 3404 166 3480 Qui
190 3412 254 3463 tum
273 3402 356 3464 sslam
379 3405 533 3482 amabant,
554 3404 653 3481 fdrte,
673 3403 766 3462 itaut
788 3401 837 3478 iit,
859 3399 956 3460 illium
993 3409 1028 3462 80
