2242 3930
257 253 456 297 §murmur
473 253 696 296 ceurennum
909 249 970 297 XIX

10 404 79 484 neo]
103 413 204 464 metuo
289 412 338 466 631
371 410 402 462 et
429 402 564 482 rogitas?
650 402 814 463 Chreme·
863 412 914 468 632
940 404 970 467 id

10 490 96 552 idem
181 496 232 552 688
253 486 330 568 quid¹
347 486 490 547 uoluisti?
574 489 689 551 6391111
710 489 780 546 enni
864 497 916 551 642
936 490 971 548 il·

11 593 49 636 55
134 580 186 636 644
201 569 330 631 Chreme
413 580 464 634 645
484 569 605 649 Quinto
624 579 658 631 tu
678 590 725 630 me
746 591 778 631 55
799 572 970 651 666615665-

10 680 53 734 56,
75 658 160 716 tinto
184 675 216 714 55
237 655 456 731 ignoscentior:
542 655 759 718 6465661616155
782 656 897 715 16561615
918 659 971 716 trie

58 749 110 804 649
125 740 270 818 eloquere
354 739 520 802 653161515
605 747 655 802 655
672 737 728 801 Cn.
745 737 827 816 Quid
845 760 882 798 ee
902 760 970 799 656-

10 824 42 886 67
129 831 181 886 658
219 830 331 880 utem.
418 831 469 885 662
499 823 618 882 mulieri
700 823 836 883 Philtere
920 833 970 887 665

10 927 105 970 665665
196 905 556 985 6681656665666616666
646 915 698 970 670
728 907 832 987 eliqua
921 917 971 972 676

10 988 182 1065 61515153
198 988 384 1049 tantumdem
400 1010 466 1068 ego.
552 999 602 1055 677
620 1009 697 1067 euge
780 1000 831 1054 689
846 1010 908 1065 res,
926 1001 972 1051 556

10 1075 148 1147 lendum,
234 1081 283 1135 691
311 1074 407 1132 sicine
436 1072 729 1152 611665615665651
814 1084 864 1137 694
892 1075 970 1153 agis]

10 1180 48 1220 55
134 1164 183 1220 697
202 1155 318 1233 Senex]
333 1157 445 1216 Noster
528 1165 580 1220 702
594 1177 718 1216 narrare
802 1164 853 1220 707
868 1156 970 1236 prodis

58 1252 112 1307 708
129 1244 279 1300 5155666515
362 1248 415 1302 724
438 1240 652 1318 5566611151665
736 1249 787 1305 726
807 1250 888 1299 55665

10 1324 237 1391 lRenuntiebit
319 1332 372 1386 734
385 1321 468 1400 Quid
486 1325 563 1384 haec
576 1323 718 1404 coeptet?
802 1333 853 1389 739
875 1325 968 1384 trous-

10 1411 107 1471 mdnm
135 1410 215 1468 minc
241 1407 297 1466 tibi
325 1407 365 1466 ad
389 1407 600 1469 Menedemum
620 1419 667 1470 est
749 1409 895 1472 74716566
918 1410 973 1468 5516

58 1504 111 1558 758
126 1492 183 1571 [165
199 1535 206 1550 .
224 1535 230 1550 .
248 1490 351 1568 lilius]
437 1500 488 1554 755
507 1491 668 1554 Cotidiano
752 1500 804 1556 758
818 1493 971 1572 optabam]

10 1589 86 1659 :opto
170 1585 221 1640 769
239 1575 280 1636 Se
304 1595 370 1634 eom
391 1575 562 1636 6661661555
646 1586 698 1642 770
711 1580 800 1637 immo
823 1579 867 1637 515
889 1577 971 1636 satis.

57 1671 108 1725 771
129 1660 202 1739 quid
224 1679 315 1739 56656
337 1658 480 1720 fallaciae
503 1671 548 1720 556
631 1670 682 1725 772
704 1661 745 1721 Se
768 1661 878 1721 deinde
900 1660 974 1719 dicit

58 1755 110 1809 776
124 1764 247 1823 6656565
331 1752 384 1808 780
397 1745 476 1803 Nem
490 1744 703 1824 quemobrem?
787 1755 837 1808 781
858 1747 889 1804 16
905 1765 971 1822 656·

10 1827 109 1906 enom]
144 1829 222 1888 serio
312 1836 364 1892 782
401 1840 531 1889 meumst
619 1831 838 1893 78616555655
922 1837 971 1891 787

10 1932 105 1974 665665
188 1921 241 1978 788
260 1907 360 1992 quern]
383 1933 450 1972 cum
533 1923 585 1977 790
605 1912 733 1992 aliquid]
756 1911 839 1973 eliud
923 1921 974 1975 793

10 1993 55 2057 luo
78 1995 235 2074 confugies
319 2004 370 2060 795
391 2016 464 2056 6565
490 1997 579 2068 illud,
609 1996 735 2056 Chreme
819 2005 871 2058 800
893 1994 972 2072 eum]

10 2102 54 2143 mc
140 2089 192 2144 806
217 2078 316 2156 Quem
400 2090 452 2143 810
482 2098 524 2156 sq.
556 2080 677 2158 quidem
707 2099 808 2138 omnes
840 2079 870 2137 di
897 2078 973 2137 deae

10 2166 165 2238 6566616656,
193 2164 285 2246 Syre,
309 2159 317 2245 ]
336 2163 411 2223 Cum
430 2164 553 2222 66151565
576 2166 700 2223 1665665
784 2171 835 2225 816
856 2162 904 2220 Ne
927 2181 974 2220 me

10 2270 54 2310 mc
71 2251 156 2328 66165
176 2268 214 2306 ex
236 2257 267 2307 65
351 2257 403 2310 818
414 2246 497 2325 Quid
510 2249 602 2326 igitur
616 2248 670 2307 tibi
685 2249 732 2306 uis
750 2246 871 2305 dicem?
885 2245 974 2304 adisti

10 2335 48 2394 lhi
68 2352 203 2393 menum:
288 2341 340 2396 819
361 2333 454 2390 115556
538 2342 590 2396 823
605 2330 695 2408 Quod
711 2341 741 2391 51
764 2332 795 2390 es
810 2331 972 2408 pollicitus.

59 2427 110 2482 825
127 2418 297 2477 fortunatus
311 2415 477 2475 1666655666
561 2417 673 2480 8291615
691 2415 747 2492 556]
760 2435 841 2474 6665
924 2421 975 2476 838

10 2501 123 2581 [poscet
208 2509 259 2563 842
286 2519 334 2558 me
367 2519 447 2558 nuno
532 2508 584 2562 844
612 2499 740 2559 Chreme
824 2508 876 2562 848
902 2496 974 2576 quid

10 2585 104 2644 »minis
127 2584 171 2644 55.
187 2585 248 2643 Mn.
266 2581 361 2662 quid?
383 2581 438 2643 Cn.
454 2585 554 2642 iamne
637 2592 688 2646 851
710 2583 839 2642 Chreme
923 2588 972 2644 857

10 2676 90 2728 etum
111 2669 158 2726 161.
242 2676 293 2730 859
307 2665 435 2726 Chreme
519 2676 571 2730 862
586 2667 714 2726 Chreme
798 2675 850 2729 870
870 2664 926 2742 661]
942 2673 976 2722 66

92 2759 143 2814 877
161 2749 260 2809 diotae
277 2753 308 2808 in
322 2750 443 2809 stultum
528 2760 579 2815 879
601 2744 682 2822 0165,
704 2752 764 2809 iam
781 2749 886 2808 desine
902 2748 974 2807 deos

59 2844 112 2898 883
133 2833 218 2912 Quos
240 2835 284 2893 eis
305 2835 439 2894 homines
463 2833 607 2894 cessare?
630 2833 687 2893 Cn.
711 2835 812 2904 ehem,
833 2853 888 2910 per
902 2833 975 2891 6566·

10 2938 44 2992 65,
58 2917 248 2991 Menedeme,
266 2916 416 2977 eduenis'?
501 2928 552 2982 885
569 2921 687 2996 5555616
770 2927 823 2981 893
837 2918 976 2995 8666555·

10 3022 91 3075 rrum,
105 3004 234 3075 uestem,
252 3002 379 3062 ancillas
463 3004 583 3082 sesqui
599 3000 678 3062 non?
765 3001 894 3061 Chreme

10 3095 28 3148 6
49 3086 268 3145 conficerentur
352 3095 403 3150 912
425 3088 522 3144 animo
546 3088 623 3147 comi
646 3107 712 3147 esse
735 3097 766 3147 et
850 3095 899 3147 915
913 3085 975 3141 De-

10 3168 81 3230 les?
103 3171 218 3230 merito.
238 3179 272 3228 66
287 3169 360 3228 mihi
444 3180 494 3234 917
510 3172 579 3231 Nisi
600 3171 626 3229 si
649 3172 744 3231 essem
829 3167 976 3245 eorporis

11 3252 59 3331 55]
86 3273 178 3332 65555
205 3262 236 3312 65
320 3262 372 3317 924
394 3254 476 3334 quod
502 3255 734 3315 666651551555
757 3255 842 3313 51655
927 3258 977 3312 925

10 3345 93 3397 rtrem
122 3336 209 3414 esse]
240 3357 306 3396 5555
335 3347 450 3414 petrem
473 3349 508 3397 66
592 3349 643 3402 930
669 3341 751 3399 111165
837 3346 885 3398 931
914 3335 978 3392 11115

10 3440 50 3482 665
136 3431 188 3486 932
203 3420 293 3499 Quod
312 3420 493 3482 inc6mmodi
513 3423 569 3481 tibi
587 3424 619 3480 in
638 3424 695 3482 1665
710 3444 743 3482 re
827 3429 878 3484 935
892 3417 976 3496 rogo]

10 3505 48 3564 615
135 3513 186 3568 936
198 3502 289 3581 Quod
298 3507 394 3565 mauis
479 3514 529 3570 937
540 3505 622 3570 filiae
695 3516 747 3570 938
763 3505 894 3631 Chreme

741 3597 761 3644 h
