2242 3930
181 218 202 282 6
498 214 605 276 virt
637 214 863 276 renunttt.

227 391 257 445 ln
268 391 391 446 medium
402 390 482 446 nobis
495 389 600 444 sedatis
613 390 729 445 uocibus
740 390 831 445 ecfers

228 473 366 548 Quicquid
378 489 457 530 come
469 475 586 545 loquens
599 479 680 544 atque
691 473 784 527 omnia
796 472 888 527 dulcia
903 473 1010 529 dicens.

185 557 251 612 item
265 557 295 614 C.
309 555 427 615 Caesar:
466 567 468 572 '

228 641 270 698 Tu
282 659 403 714 quoque!
420 649 449 697 tu
460 643 488 696 in
501 643 630 710 summis,
643 659 660 697 o
673 640 817 696 dimidiate
827 640 989 707 Menander,

159 735 176 786 a
228 727 344 782 Poneris
357 727 508 795 cimento,
520 726 583 798 puri
596 725 733 781 sermonis
745 730 862 780 amator.

228 811 349 866 Lenibus
361 816 443 881 atque
455 810 558 865 utinam
572 810 682 880 scriptis
694 809 825 864 adiuncta
837 810 908 864 loret
919 809 971 874 uis,

230 894 341 951 eomtca
353 901 381 950 ut
392 900 509 967 aequato
523 894 611 949 uirtus
625 894 742 965 polleret
753 892 859 948 honore

230 977 296 1034 Cum
309 979 433 1046 Graccis,
445 994 537 1050 neque
548 978 577 1032 in
589 976 642 1033 hac
655 977 805 1049 despectus
816 984 895 1048 parte
908 978 1033 1032 iaceres:

229 1063 321 1136 Vnum
332 1062 387 1119 hoc
398 1078 526 1117 maceror
537 1068 563 1117 et
576 1061 657 1116 doleo
668 1063 715 1117 tibi
729 1061 845 1130 deesse,
857 1061 977 1116 Terenti.

399 1215 690 1272 nnnirnnnurvn
712 1216 804 1271 inin
826 1215 970 1272 ueniri.
1051 1197 1054 1204 ’

268 1329 344 1384 Haec
360 1327 509 1384 Suetonius
521 1327 708 1400 Tranquillus.
744 1329 813 1383 Nam
833 1327 904 1383 duos
921 1327 1067 1385 Terentios
1087 1348 1120 1402 p·

186 1413 273 1468 luisse
286 1413 380 1468 scribit
391 1413 508 1480 Metius,
528 1429 646 1484 quorum
663 1414 732 1468 alter
745 1413 928 1484 Fregellanus
946 1414 1027 1467 tuerit
1039 1413 1121 1470 Tere

186 1497 269 1564 libo,
288 1498 356 1552 alter
371 1496 515 1551 libertinus
529 1496 675 1551 Terentius
687 1496 755 1550 Ater
766 1501 870 1566 patrie,
891 1494 926 1550 de
944 1513 999 1567 quo
1012 1513 1087 1555 nunc
1102 1501 1121 1554 l«

185 1597 257 1635 mur.
299 1579 439 1650 Scipionis
457 1580 566 1635 lcbulas
582 1578 706 1634 edidisse
723 1579 882 1634 Terentium
900 1580 1019 1650 Valgius
1037 1582 1065 1636 {n
1088 1586 1114 1637 A

143 1669 178 1720 15
190 1679 244 1718 ono
257 1664 309 1718 ait:

230 1747 305 1803 Tuae
317 1745 388 1818 quae
404 1752 538 1802 uocantur
551 1745 661 1802 fibulae
674 1745 790 1803 cuiaenc
802 1743 886 1801 sunt?

228 1831 283 1886 Nor
300 1827 352 1886 his
364 1831 410 1901 qui
423 1832 485 1886 iura
495 1831 610 1903 Poplius
623 1830 707 1887 dabat
715 1830 843 1904 pentibus

227 1915 339 1972 Honore
351 1931 460 1972 summo
474 1914 601 1972 adiectus
615 1916 679 1971 lecit
690 1911 817 1972 ldbulesd

186 1999 263 2055 Duae
281 2002 315 2056 ab
332 2000 506 2072 Apollodoro
528 2001 680 2058 translatae
699 2016 763 2055 esse
776 1999 904 2055 dicuntur
916 2000 1037 2067 comico,
1057 2001 1117 2056 Pho

143 2086 178 2140 20
189 2089 216 2138 ct
230 2083 357 2158 Hecyra:
376 2090 505 2157 quattuor
522 2084 647 2157 reliquae
669 2083 868 2140 aMenandro.
900 2084 942 2139 Ex
960 2085 1061 2155 quibus
1083 2102 1121 2139 ιη

188 2185 324 2225 successu
335 2175 362 2224 et
374 2169 464 2242 pretio
480 2169 552 2226 stetit
561 2167 715 2225 Eunuchus
727 2169 833 2224 tabula:
850 2168 962 2241 Hecyra
975 2174 1060 2239 saepe
1073 2185 1121 2224 ext

188 2254 236 2308 uix
248 2259 310 2309 ecte
321 2260 374 2309 est.
