2242 3930
286 751 670 826 PROLOGVS.

79 939 105 999 Si
121 945 319 1022 quisquamst,
343 940 397 1017 qui
409 936 535 1019 placere
558 955 592 996 sc
614 935 737 996 studett
755 939 844 998 bonis

80 1039 154 1114 Quam
176 1040 320 1120 plurimis
347 1044 379 1097 ct
399 1041 533 1096 minume
554 1039 667 1095 multus
687 1035 825 1116 laedere,

79 1134 157 1196 lnhis
173 1140 267 1218 podia
286 1134 338 1196 hic
357 1138 471 1194 ndmen
485 1134 652 1215 profitetur
668 1153 763 1196 suom.

80 1231 140 1294 Tum
160 1235 254 1314 ualuis
273 1239 336 1311 est,
358 1234 410 1311 qui
432 1231 547 1290 dietum
569 1232 603 1289 in
623 1249 657 1290 se
679 1229 894 1291 inclementius

79 1328 261 1393 Existumabit
277 1334 363 1410 esse,
385 1333 430 1391 sic
450 1333 623 1408 existumet,
960 1342 978 1395 5

79 1426 265 1512 Respdnsum,
287 1451 350 1490 nou
372 1429 487 1490 dictum
509 1431 595 1507 esse,
620 1431 690 1509 quia
709 1427 802 1490 laesit
824 1431 921 1511 prior,

79 1527 123 1601 Qui
139 1534 218 1592 bene
239 1528 393 1590 uortenda
418 1536 451 1588 et
473 1527 597 1588 eusdem
617 1527 782 1589 seribendd
799 1528 878 1590 male

78 1623 112 1686 dx
128 1631 251 1691 Graecis
272 1631 361 1689 benis
382 1627 510 1688 Latinas
529 1627 606 1687 iecit
627 1629 691 1686 ndu
712 1629 816 1689 bonas.

79 1721 142 1787 tium
162 1726 329 1788 Menandri
349 1727 482 1786 Phtsma
500 1745 581 1784 nunc
603 1729 703 1805 nuper
725 1725 812 1785 dedit

78 1821 159 1903 Atque
182 1831 215 1885 in
238 1827 420 1886 Thensauro
441 1826 580 1904 scripsit,
602 1813 722 1884 causam
743 1823 848 1884 dicere
945 1837 977 1890 la

78 1916 148 1983 Prius
168 1923 252 1984 dude
272 1925 406 2004 petitur,
428 1925 535 1983 mirum
558 1941 617 2000 qua
637 1940 673 1981 re
696 1924 735 1981 sit
755 1941 851 1999 suom,

78 2017 156 2091 Quam
172 2021 242 2083 illic
260 2024 312 2101 qui
333 2024 429 2102 petit,
451 2021 533 2081 unde
555 2025 581 2080 is
602 2022 644 2079 sit
665 2021 850 2079 thensauris
872 2021 931 2079 sibi

78 2115 125 2178 tut
143 2121 225 2182 inde
243 2122 277 2181 iu
296 2123 430 2202 patrium
451 2125 681 2181 intrumentum
701 2119 892 2200 peruenerit.

76 2210 175 2280 Dehinc
196 2223 237 2280 ne
261 2220 432 2279 frustretur
448 2223 515 2299 ipse
539 2238 573 2279 se
595 2225 648 2278 aut
670 2220 714 2278 sic
736 2219 853 2296 migitet

77 2311 240 2379 ‘defunctus
262 2320 323 2378 iam
344 2339 426 2397 sum,
447 2318 493 2378 nil
516 2326 565 2378 cst
588 2318 671 2398 quod
693 2317 775 2378 dicat
795 2319 901 2377 mihi':
945 2327 978 2383 lt

76 2407 145 2476 line
167 2421 255 2478 erret
275 2436 385 2477 moneo
408 2423 441 2476 et
463 2416 584 2478 desinat
603 2416 768 2477 lacessere.

76 2504 163 2575 Habeo
184 2514 244 2575 tlia
264 2513 376 2592 multu,
401 2514 479 2593 quae
501 2534 582 2574 nunc
605 2514 840 2591 condontbitur,

77 2605 143 2680 Quae
162 2614 364 2694 preferuntur
385 2616 473 2693 prist,
495 2614 521 2673 si
543 2619 655 2693 perget
675 2613 813 2691 laedere,

75 2701 107 2766 lia
124 2720 155 2772 ut
174 2714 280 2774 ficere
306 2714 450 2772 instituit.
491 2717 580 2792 quum
601 2733 682 2772 nunc
705 2714 803 2772 acturi
822 2731 925 2771 sumus

75 2800 221 2871 Meuiudri
235 2813 432 2889 Eunuchum,
452 2814 613 2891 pdstquum
630 2810 748 2872 aediles
764 2813 916 2888 emerunt,
943 2820 979 2873 20

75 2895 193 2967 Perfecit
216 2911 275 2969 sibi
296 2914 330 2967 ut
352 2909 538 2989 inspiciendi
561 2916 645 2969 esset
664 2911 761 2988 cdpia.

75 2992 255 3080 Magistratus
277 3027 368 3085 quom
397 3009 441 3067 ibi
466 3005 605 3084 ade'sset,
635 3010 793 3085 occepttst
814 3006 871 3083 agi.

75 3089 232 3182 Exclamat,
253 3105 371 3183 furem,
393 3109 455 3164 ndu
477 3109 597 3185 poetam
620 3104 755 3164 fabulam

75 3187 186 3262 Dedisse
209 3210 242 3263 et
262 3202 308 3262 nil
331 3202 454 3263 dedisse
473 3206 640 3264 uerborirm
662 3211 782 3262 tamen:

76 3289 200 3361 Colacem
223 3304 291 3362 esse
305 3303 402 3362 Naeui
423 3311 455 3362 et
474 3303 592 3382 Plariti,
615 3309 754 3362 ueterem
776 3298 920 3375 subulam,
942 3309 976 3362 πὸ

75 3385 186 3534 ξέταείῑί
205 3421 368 3483 personam
392 3403 464 3463 inde
486 3400 616 3461 ablatam
638 3408 670 3461 et
690 3398 808 3540 mili5tis.

105 3499 195 3548 nurus.
