2242 3930
44 193 153 298 2-2o
223 235 410 298 nnsvron
435 235 723 299 nnonvnnnos.
920 240 981 302 roo

52 421 140 501 Quid
165 422 229 480 ait?
258 420 323 481 Mn.
339 417 483 479 Gaudere
505 416 582 479 ideo
605 424 723 500 coepit,
750 423 834 500 quisi
857 423 910 502 qui
929 443 981 483 ou·

433 518 523 597 piunt
542 518 673 598 nriptios.
928 532 980 586 885

54 619 219 680 Hdhohae.
259 616 323 678 Mn.
346 615 427 693 Quid
455 617 571 677 risisti?
612 618 670 678 Cn.
689 618 780 678 Serui
807 619 922 680 uenere
948 623 980 681 in

434 714 568 774 mentem
590 714 662 793 Syri

10 820 15 879 l
56 814 268 878 calliditates.
300 812 366 874 Mn.
384 797 493 873 ltane?
528 812 587 873 Gn.
604 811 716 874 Voltus
740 816 861 892 quoque
883 817 981 876 homi-

433 928 505 968 num
524 910 613 988 lingit
633 908 743 971 scelus.

55 1011 179 1070 Gmltus
202 1005 286 1086 quod
306 1026 340 1068 se
361 1005 523 1068 adsimulat
543 1007 668 1087 laetum,
689 1008 722 1067 id
745 1008 843 1070 diois?
864 1011 920 1072 Gn.
936 1010 979 1072 ld.
996 1031 1019 1070 ιε

435 1104 500 1167 Mn.
516 1105 600 1166 ldem
618 1107 699 1167 istrie
721 1108 795 1166 mihi

57 1207 158 1267 Venit
172 1205 205 1263 in
222 1204 366 1263 mentem.
390 1203 640 1264 (inveterator.
662 1204 726 1264 Mn.
743 1205 853 1284 Mdgis,
875 1208 901 1266 si
919 1228 981 1266 ma-

435 1301 481 1378 gis
503 1303 598 1381 noris,
619 1307 710 1381 putes
929 1315 980 1369 889

57 1387 104 1463 lta
132 1419 200 1460 rem
221 1417 300 1461 esse.
332 1400 391 1479 Gn.
413 1400 474 1459 Ain
497 1400 552 1460 tu‘l
584 1400 648 1460 Mn.
670 1400 750 1476 Quin
776 1409 809 1460 tu
834 1401 980 1462 ausculta.

298 1497 356 1558 Gn.
375 1495 469 1557 Mine
487 1502 567 1576 door,
584 1500 643 1559 hoo
658 1501 743 1580 prius
760 1502 841 1560 scire
857 1503 980 1581 e'xpeto,
1028 1573 1030 1577 ¹

10 1606 12 1665 ζ
59 1596 145 1674 Quid
163 1593 349 1676 perdideris.
371 1614 440 1654 nam
461 1597 514 1656 ribi
534 1595 713 1677 desponsam
736 1599 883 1658 nr'mtiasti
902 1597 979 1677 filio,

59 1695 217 1756 Continuo
237 1693 382 1752 iniecisse
403 1695 498 1753 uerba
520 1696 578 1753 tibi
597 1695 781 1756 Dromonem
801 1696 933 1776 scilicet,

60 1793 201 1874 Spdnsae
222 1797 339 1851 uestem
358 1809 464 1850 aurum
481 1794 573 1870 dtque
588 1791 713 1852 ancillas
733 1796 807 1873 opus
825 1813 909 1854 esse:
932 1815 980 1854 ar·
994 1820 1019 1860 oo

434 1897 559 1968 gentum
579 1893 613 1950 rit
633 1889 732 1953 dares.

56 1992 139 2053 Ndn.
169 1991 228 2050 Cn.
245 1986 347 2064 Quid?
368 1989 453 2048 non?
481 1988 544 2048 Mn.
559 1987 627 2049 Non
645 1991 774 2067 inquam.
798 1990 856 2051 Gn.
873 1990 980 2068 Neque

29 2096 32 2102 '
255 2093 323 2170 ipse
340 2090 471 2168 gndtus‘l
493 2090 558 2150 Mn.
573 2089 626 2150 Nil
646 2091 798 2170 prorsum,
821 2090 979 2151 Chremes.

60 2191 163 2268 Migis
191 2208 283 2249 unum
314 2188 406 2248 etiam
434 2187 568 2265 insttre,
601 2196 635 2247 ut
660 2186 753 2248 hodie
781 2187 980 2247 conficiantur

10 2284 21 2387 l
436 2287 571 2365 nriptiae.
929 2295 979 2348 895

28 2433 35 2449 .
58 2387 145 2448 Mira
166 2403 283 2445 narras.
307 2382 381 2463 quid
397 2382 494 2463 Syrus
517 2386 623 2444 meus?
646 2403 686 2443 ne
709 2387 734 2443 is
756 2383 878 2462 quidem
895 2383 980 2462 quic-

10 2398 27 2589 l
436 2484 548 2561 quim?
570 2483 634 2546 Mn.
650 2481 743 2543 Nihil.

29 2625 37 2642 .
62 2586 161 2662 Quam
185 2581 303 2660 obrem,
325 2580 441 2640 neseio.
467 2580 531 2640 Mn.
548 2565 698 2661 liquidem
721 2584 827 2659 miror,
850 2579 981 2660 quillis

438 2685 499 2737 tam
521 2677 613 2758 plane
635 2681 722 2738 scios.

10 2592 28 2936 l
61 2777 127 2838 Se‘d
142 2774 201 2836 ille
218 2783 301 2835 tuom
317 2776 439 2853 quoque
455 2776 551 2854 Syrus
570 2774 652 2835 idem
668 2780 745 2835 mire
763 2777 851 2834 linxit
870 2774 980 2852 filium,
995 2791 1020 2831 25

61 2861 104 2936 it
127 2893 169 2935 ne
191 2871 348 2954 paululum
372 2872 496 2952 quidem
519 2872 639 2933 subolat
661 2874 729 2933 esse
755 2873 879 2932 amicam
904 2874 982 2931 hanc

436 2971 561 3033 Cliniae.

10 3062 36 3153 ᾗ
61 3071 145 3149 Quid
166 3073 232 3131 ais?
254 3071 318 3132 Mn.
336 3071 430 3130 Mitto
450 3072 509 3129 iam
532 3067 664 3128 osculari
687 3076 778 3145 atque
800 3065 980 3145 implexari:

433 3167 467 3226 id
487 3166 532 3226 ull
550 3172 633 3247 puto.
931 3174 982 3227 900

10 3258 37 3335 h.
62 3267 143 3353 Quid
156 3274 205 3326 est
217 3264 299 3346 quod
311 3266 439 3347 ampliris
454 3265 636 3326 simuletur?
653 3264 716 3324 Mn.
735 3264 810 3325 th.
831 3263 887 3324 Cn.
902 3258 981 3337 Quid

436 3365 506 3425 est?
530 3363 594 3423 Mn.
612 3360 694 3421 Audi
712 3361 812 3421 modo.

10 3458 17 3521 l
61 3448 119 3524 ilat
133 3463 210 3523 milri
224 3461 341 3523 ultimis
357 3462 503 3524 conclaue
517 3464 550 3522 in
566 3459 694 3521 aedibus
708 3459 863 3540 orrodddm
879 3466 987 3518 retaoa
