2242 3930
199 665 572 740 PROLOGVS.

75 857 133 915 uim
148 856 240 934 poeta
254 853 345 914 uetus
357 856 479 934 politam
498 859 560 913 ndu
573 859 679 934 potest
691 888 693 893 ·

75 972 140 1015 rere
157 955 195 1013 ab
211 951 314 1013 studio
331 959 363 1013 et
377 951 541 1013 trinsdere
556 953 711 1012 hominem
725 954 758 1012 iu
774 954 879 1029 tuum,

75 1052 142 1110 ictis
159 1050 323 1111 deterrere
339 1070 379 1110 ue
395 1053 508 1110 scribtt
523 1058 625 1130 parat:

75 1170 85 1207 ι
99 1148 232 1226 dictitat,
252 1167 326 1228 quas
340 1149 470 1207 aintehac
487 1149 563 1208 fecit
577 1147 706 1226 fibulas,

84 1248 153 1308 esse
169 1249 309 1307 cratidne
326 1253 358 1306 et
373 1248 525 1326 scripturi
539 1245 620 1306 leui:
862 1262 878 1312 5

75 1346 204 1424 ,isquam
218 1345 357 1404 insanum
373 1346 497 1423 scripsit
512 1343 774 1405 adulescentulum

75 1442 217 1503 uuidere
233 1443 343 1523 frigere
362 1451 394 1502 et
407 1447 520 1504 sectari
536 1463 626 1504 canes

75 1563 82 1601 r
97 1543 233 1622 plorare,
252 1545 341 1604 ordre
357 1556 392 1603 ut
409 1544 570 1603 subuenitt
585 1545 652 1606 sibi.

75 1642 90 1699 ri
105 1639 317 1720 intellegeret,
340 1643 430 1720 qudm
447 1642 535 1701 stetit
551 1641 622 1701 olim
638 1663 726 1721 noua,

75 1759 82 1796 r
98 1757 194 1818 opera
208 1741 303 1817 mtgis
318 1740 442 1799 stetisse
459 1743 547 1818 quim
562 1759 626 1818 sua,
842 1753 876 1804 10

77 1834 174 1895 mirlto
190 1835 346 1913 audacter,
367 1841 456 1915 quim
470 1857 551 1896 nuuc
565 1836 672 1915 laedit,
694 1836 843 1899 laederet.
890 1852 894 1861 ·

75 1934 155 2012 iquis
173 1939 231 2012 est,
253 1934 306 2013 qui
320 1935 380 1993 hcc
397 1933 476 1994 dIcat
491 1943 543 1994 aut
559 1936 603 1994 sic
620 1937 749 2014 migitet:

84 2035 111 2090 si
125 2034 217 2110 poeta
233 2035 294 2091 min
307 2030 484 2092 lacessisset
499 2034 596 2111 prior,

75 2158 77 2187 ι
94 2131 236 2189 inuenire
250 2130 410 2210 prdlcgum
426 2133 531 2211 posset
546 2133 670 2191 nouos?

83 2225 214 2305 diceret,
235 2229 296 2287 uisi
310 2229 441 2289 haberet
456 2230 505 2288 cui
521 2226 599 2288 male
615 2228 760 2309 dicerem]
840 2240 873 2292 15
987 2237 990 2243 ’

75 2343 254 2405 responsum
269 2327 329 2385 hoc
344 2328 465 2404 htbeat,
486 2329 518 2386 in
534 2326 635 2386 medio
650 2330 788 2388 ‹imuibus

75 2443 90 2481 u
105 2424 175 2482 e'sse
190 2424 331 2502 positam,
355 2427 406 2502 qui
421 2429 518 2483 tutem
533 2432 667 2485 tractant
681 2427 835 2488 mirsicam.
855 2426 858 2431 ’

82 2520 194 2580 famem
210 2522 293 2580 hunc
308 2523 344 2581 ab
361 2521 463 2581 studio
480 2521 597 2582 studuit
612 2526 748 2583 reicere:

75 2617 221 2697 spondere
236 2617 346 2697 udluit,
369 2639 431 2678 nou
445 2618 609 2680 lacessere.
891 2688 894 2694 4

75 2719 131 2777 ctis
149 2719 176 2777 si
191 2720 351 2795 certasset,
374 2718 509 2778 audisset
524 2722 623 2779 bene:
837 2732 873 2786 20

75 2817 96 2875 ¹b
113 2813 169 2874 illo
185 2814 357 2893 adlatumst,
380 2815 412 2874 id
427 2817 485 2875 sibi
502 2815 648 2877 rcllatirm
662 2823 761 2897 putet.

81 2915 142 2973 iam
155 2914 249 2972 finem
266 2914 375 2973 ficiam
391 2912 517 2973 dicundi
531 2915 616 2991 mihi,

74 3009 105 3069 di
123 3031 214 3090 quom
229 3012 296 3090 ipse
311 3010 350 3070 de
365 3030 399 3071 se
413 3013 506 3071 finem
520 3013 580 3071 ndu
597 3012 693 3070 facit?

75 3108 128 3170 uid
148 3108 241 3170 uelim
258 3111 387 3170 animum
404 3110 563 3172 attendite.
591 3109 722 3189 adportd
741 3133 850 3175 nouam

75 3228 232 3268 uomeuon
249 3214 337 3286 quim
352 3216 463 3269 uocant
480 3207 670 3269 comoediam
835 3223 869 3276 25

94 3307 198 3367 Latini
214 3307 431 3366 Phdrmiouem
446 3308 618 3366 ndminant:
660 3354 665 3361 .

75 3407 157 3465 rimas
172 3406 271 3484 partis
288 3409 342 3484 qui
356 3413 436 3485 aget,
458 3406 485 3464 is
500 3407 561 3464 erit
575 3404 721 3467 Phdrmio
