2242 3930
293 356 675 432 PROLOGVS.

65 535 162 602 Poc'ta
185 561 275 621 quom
297 544 427 623 primum
441 545 572 613 inimum
587 542 626 602 ad
640 544 835 605 scribendum
851 545 981 627 adpulit,

63 637 97 698 ld
118 641 177 699 sibi
198 641 305 718 negoti
326 639 460 699 credidit
479 638 578 701 solnm
601 639 677 718 dari,

62 736 182 816 Populo
206 740 240 798 ait
260 735 423 817 placerent
446 742 519 816 qnos
539 737 668 798 fecisset
688 736 815 798 fibulas.

63 835 179 895 Verum
202 834 291 895 iliter
313 838 439 895 euenire
461 834 557 895 multo
578 833 749 913 intellegit:

61 933 137 992 Nam
159 935 192 992 in
212 932 349 1013 prdlogis
368 931 541 992 scribimdis
564 950 689 1012 operam
708 932 852 1010 obnititur,

61 1028 130 1088 Non
154 1031 207 1108 qui
227 1033 437 1107 irgnmentnm
458 1033 581 1106 narret,
602 1027 658 1088 sed
680 1030 732 1107 qui
753 1027 890 1090 maliuoli

63 1126 189 1186 Veteris
210 1130 320 1206 podiae
343 1126 515 1186 miledictis
537 1125 733 1207 respondeat.

62 1224 160 1303 Nune,
175 1229 263 1303 quim
275 1243 341 1284 rem
353 1227 428 1285 nitio
441 1224 526 1303 dent,
542 1244 654 1304 quaeso
670 1227 800 1285 animnm
816 1224 965 1289 attendite

62 1320 234 1382 Menander
256 1323 332 1383 fecit
355 1304 501 1383 dndriam
524 1330 556 1384 et
577 1325 777 1384 Perinthiam.

62 1419 120 1496 Qui
141 1421 287 1480 utramuis
308 1427 396 1481 recte
411 1422 510 1500 ndrit,
532 1424 633 1482 ambos
652 1425 790 1483 ndnerit:
944 1436 973 1489 lt

62 1518 130 1577 Non
152 1521 194 1576 ita
212 1525 283 1578 sunt
304 1517 446 1579 dissimili
468 1524 662 1599 argumento,
685 1521 740 1581 sed
762 1529 864 1583 tomen

62 1614 209 1676 Dissimili
229 1618 369 1678 oratidne
390 1625 461 1678 sunt
481 1618 580 1679 factae
603 1623 637 1679 ic
659 1617 740 1679 stilo.

62 1713 145 1790 Quae
167 1714 341 1774 conuenere
361 1716 394 1774 in
415 1697 561 1776 Andriam
584 1736 621 1778 ex
642 1717 802 1777 Perinthia

61 1812 188 1872 Fatetur
210 1810 404 1873 transtulisse
426 1820 518 1894 atque
539 1836 626 1876 nsum
643 1818 700 1896 prii
722 1819 794 1879 suis.

60 1909 168 1971 idisti
189 1911 367 1991 uituperant
387 1911 500 1971 fictum
522 1920 614 1991 atque
633 1914 665 1971 in
686 1931 722 1972 eo
746 1913 900 1993 disputant
943 1926 976 1980 15

61 2009 269 2069 Contdminari
291 2011 352 2068 non
375 2007 488 2069 decere
509 2009 637 2069 fibulas.

58 2103 226 2164 Facinintne
246 2102 477 2183 intellegendo,
497 2111 532 2164 ut
553 2103 598 2164 nil
618 2103 824 2183 intellegant?

59 2203 116 2280 Qui
133 2223 223 2282 quom
244 2205 325 2263 hoino
344 2210 502 2282 accusant,
523 2204 672 2264 Naeuium
685 2201 826 2262 Plautum
843 2186 974 2265 llnninm

58 2302 230 2377 Accaisant,
254 2319 330 2380 qnos
352 2302 402 2360 hlc
423 2303 530 2362 noster
553 2303 693 2362 auctores
712 2301 816 2377 habet,

58 2396 193 2473 Quorum
217 2396 361 2458 aemulari
382 2402 506 2478 exoptat
526 2397 752 2478 neglegentiam
940 2410 975 2462 20

58 2494 165 2554 Potiiis
187 2514 275 2572 quam
292 2497 421 2556 istorum
443 2498 602 2557 obscairom
622 2495 821 2576 diligentiam.

57 2591 176 2651 Dehinc
198 2593 233 2652 ait
254 2594 412 2670 quiescant
432 2598 526 2674 porro
549 2612 658 2654 moneo
680 2600 713 2655 ct
735 2593 877 2655 desinant

57 2689 140 2750 Male
163 2688 285 2769 dicere,
306 2691 468 2752 maleficta
487 2712 527 2753 ne
549 2697 678 2753 noscant
699 2712 760 2752 sna.

59 2786 190 2864 Facete,
213 2787 320 2849 adeste
344 2807 440 2867 aequo
462 2792 561 2851 animo
584 2796 617 2849 et
636 2807 703 2849 rem
724 2788 913 2869 cognoscite,

60 2885 99 2946 Vt
119 2887 328 2965 pernoscatis,
352 2886 463 2964 ecquid
485 2889 552 2969 spei
573 2888 614 2947 sit
634 2884 798 2948 relicuom:
939 2897 974 2950 26

55 2982 189 3042 Posthaic
211 3002 285 3061 quas
305 2983 399 3043 faciet
420 2985 459 3046 de
481 2989 601 3064 integro
620 2983 802 3063 comoedias,

57 3079 249 3162 Spectandae
271 3100 309 3140 an
328 3082 496 3160 exigendae
517 3084 579 3142 sint
600 3084 686 3142 nobis
707 3083 802 3161 prius.
