2242 3930
10 281 96 348 ,ιι
318 265 527 335 sonoras.

10 450 105 518 icio:
115 459 201 517 istuc.-
215 455 304 517 ibam
312 436 430 517 ,molta
441 452 475 511 in
495 451 635 527 homine,
658 450 782 527 Demea,
934 461 959 505 ιι

10 546 101 632 ligna
122 557 253 630 insunt‚.
265 569 304 615 ex
323 550 437 628 quibus·
453 549 630 611 coniectura
647 548 739 608 ftcile
759 549 805 626 fit,

10 643 76 715 ›no
97 655 190 733 qndm
207 649 294 711 idem·
310 649 443 725 faciunt,
467 647 559 726 saepe
577 654 615 707 ut·
627 647 735 726 possis.
747 644 853 706 dicere

10 834 77 908 Non
93 850 152 928 qud
169 843 325 905 dissimilis
341 844 393 902 res
408 843 465 918 sit,
487 842 542 902 sed
560 863 619 922 qno
633 845 660 903 is
677 846 728 923 qni
745 845 829 903 facit.
872 853 922 907 825

10 936 94 1016 Quae
116 964 173 1024 ego
194 945 295 1003 inesse
316 942 349 1000 in
369 938 435 999 illis
455 938 563 1019 uideo,
586 947 620 1000 nt
642 940 791 1000 confidam
811 941 881 1002 fore
936 947 961 989 ⁴⁰

10 1032 55 1102 lta
73 1050 108 1103 nt
129 1040 277 1102 ndlnmns.
311 1035 402 1096 uideo
425 1057 478 1097 eos
499 1042 624 1118 mpero,
659 1035 863 1118 intellegere,
891 1041 923 1098 in

374 1133 442 1194 loco

16 1232 140 1315 Vereri,
160 1237 243 1296 inter
263 1251 297 1293 se
319 1236 435 1291 amtre:
458 1233 555 1292 scires
576 1231 708 1294 liberum

14 1332 168 1414 Ingenium
190 1337 281 1408 atque
302 1330 441 1393 animum.
472 1335 531 1411 qud
553 1333 600 1392 nis
621 1329 694 1392 illos
717 1335 751 1393 tri
773 1332 823 1394 die

11 1431 182 1493 Reddricas.
206 1435 237 1488 at
254 1429 335 1489 enim
352 1429 483 1506 metuas,
505 1450 545 1489 ne
560 1431 597 1488 ab
611 1449 646 1490 re
664 1433 727 1491 sint
742 1438 844 1492 tamen
874 1442 926 1497 830

10 1531 196 1592 Omissiores
216 1525 318 1608 patilo.
349 1533 492 1587 onoster
510 1527 633 1601 Demea,
938 1545 963 1584 ιι

10 1627 57 1689 Ad
81 1629 182 1687 dmnia
203 1623 262 1684 alia
282 1628 383 1685 aetite
403 1626 533 1704 sapimus
554 1626 685 1685 rectius:

10 1724 117 1788 Solum
137 1726 231 1784 dnum
252 1723 311 1782 hoe
330 1723 438 1782 uitium
458 1722 522 1783 fert
543 1730 686 1784 senectus
707 1725 896 1783 hdminibns:

10 1821 204 1883 Attentiores
225 1821 327 1879 scimus
349 1817 472 1879 adrem
496 1840 620 1900 omnes,
644 1826 731 1901 qntm
753 1829 800 1881 sat
821 1828 883 1881 est:

10 1919 103 2002 Quod
117 1918 189 1980 illdr
205 1925 252 1978 sat
266 1924 350 1978 aetas
364 1921 461 1982 eleuet.
485 1920 539 1983 Da.
556 1918 603 1980 Ne
619 1922 745 1980 nimirim
762 1918 852 1980 modo
874 1931 925 1985 835

10 2021 115 2081 Bonae
135 2025 207 2077 tuae
227 2018 305 2076 istae
325 2019 380 2075 nris
401 2016 553 2094 rationes,
575 2018 682 2095 Micio,
941 2039 966 2080 ιο

10 2120 53 2179 Et
71 2117 141 2176 taios
161 2116 222 2174 iste
241 2115 357 2173 animus
376 2114 488 2190 aequos
507 2115 674 2176 subuorttt.
698 2115 755 2176 Μι.
773 2114 872 2173 Tace:

10 2216 80 2278 Non
98 2215 165 2274 flet.
188 2214 277 2273 mitte
295 2214 354 2272 iam
371 2215 481 2272 istaec:
504 2211 543 2272 da
561 2218 593 2273 te
610 2213 704 2273 hodie
722 2214 812 2272 mihi:

10 2315 155 2393 Exporge
176 2311 321 2371 frontem.
344 2311 400 2370 Dn.
415 2308 543 2369 Scilicet
563 2311 605 2371 ita
625 2311 746 2390 tempus
763 2311 837 2389 fert,

10 2409 250 2473 Facirindnmst:
273 2409 411 2468 ceterirm
432 2427 484 2468 rna
507 2428 574 2467 cras
597 2427 665 2467 cum
683 2406 751 2468 filio
877 2418 928 2472 840

10 2510 207 2588 comprimo
228 2506 290 2566 luci
310 2508 362 2565 ibo
381 2507 461 2565 hinc.
485 2506 542 2569 Μι.
560 2506 606 2565 lle
628 2514 720 2567 nocte
742 2509 869 2568 censeo:
941 2533 967 2574 ιι

10 2607 115 2669 Hodie'
130 2605 220 2665 modo
235 2604 366 2665 hilarum
380 2604 429 2664 fic
445 2610 485 2667 te.
509 2606 565 2667 nr.
580 2607 622 2667 Et
635 2607 725 2667 istam
740 2604 896 2687 pstltriam

10 2706 82 2769 Vna
96 2704 170 2766 illuc
184 2724 302 2765 mecum
317 2705 388 2764 hinc
405 2707 585 2767 irbstraham.
609 2707 666 2767 Μι.
684 2708 880 2785 Pugntneris.

10 2805 60 2865 Eo
82 2807 172 2881 pteto
193 2822 335 2882 prorsum
356 2801 404 2861 illi
425 2801 568 2882 adligatis
589 2804 698 2868 filium.

11 2899 111 2965 Modo
126 2901 220 2961 licito
235 2907 270 2961 nt
283 2899 367 2960 illam
379 2902 492 2963 strues.
512 2904 567 2963 Da.
580 2905 645 2982 Ego
661 2905 740 2963 istnc
755 2901 863 2963 uidero
878 2911 929 2967 845

11 3001 117 3078 Atque
142 3001 184 3059 ibi
205 2999 328 3060 fanillae
347 2999 456 3080 plena,
477 3001 553 3060 fumi
571 3023 606 3061 ac
623 3001 750 3081 pollinis

13 3095 184 3175 Coquendo
206 3099 247 3157 sit
265 3097 335 3158 faxo
360 3100 391 3157 e't
413 3097 570 3158 molendo:
592 3100 718 3177 praeter
739 3099 816 3157 haec

11 3193 151 3256 Meridie
171 3195 238 3274 ipso
258 3196 367 3255 faciam
388 3203 422 3255 nt
444 3194 587 3274 stipulam
607 3193 746 3273 crilligat3

15 3292 93 3354 'l'am
116 3294 271 3353 excdctam
297 3293 424 3355 reddam
452 3300 544 3372 atque
568 3299 663 3352 ttram
688 3313 777 3372 qnam
799 3294 930 3353 carbdst.

386 3391 443 3451 Μι.
459 3391 584 3452 Placet:

14 3489 102 3550 Nunc
118 3491 194 3550 milri
207 3490 316 3551 nidere
332 3494 451 3571 ripere.
476 3496 569 3570 atque
586 3487 735 3571 equidem
744 3488 854 3548 iilinm
885 3498 946 3548 eon
