2242 3930
491 198 785 262 EVNVGHVS.
972 207 1058 256 vm
1105 196 1110 244 i

135 371 197 434 Tu.
221 371 406 448 tibicinae,
428 371 556 429 insana?
586 369 641 429 Pu.
663 369 744 448 Quid
764 371 830 431 ita?
852 389 933 432 uero
958 371 998 434 (le
1104 370 1112 425 i

220 468 339 545 Credo,
362 469 414 527 icti
438 469 598 547 quicquum
621 468 788 547 furcifero,
811 470 840 528 ui
858 468 891 529 id
914 470 1056 532 fecerim:

217 567 408 627 Praesertim
428 585 519 646 quom
540 584 573 625 ae
595 567 717 626 seruum
738 566 873 627 fateatur
895 574 993 628 tuom.
1034 588 1045 598 ·

92 687 118 728 aa
136 665 198 728 Tu.
222 667 320 727 Missa
339 665 416 724 haec
435 665 590 724 faciamus.
612 668 674 724 non
695 672 728 725 te
747 665 889 745 dignum,
913 667 1060 739 Chaerea,
1109 685 1112 722 ι

218 764 350 824 Fecisti:
372 782 440 822 uam
463 765 489 822 si
511 781 567 842 ego
590 761 681 840 dIgna
702 765 759 822 hac
779 763 972 825 contumelia
1109 836 1111 839 ι

222 862 295 921 Sum
315 865 470 937 murum,
493 867 524 920 at
543 868 576 919 tu
593 858 737 938 indignus
757 862 808 939 qui
831 861 956 922 iacere·
979 868 1082 922 tumeo„

220 959 327 1038 Neque
349 956 462 1039 edepol
484 957 558 1037 quid
579 977 659 1017 nuuc
681 957 791 1018 consili
812 959 933 1038 capium
955 960 1022 1018 scio

157 1114 159 1119 .
220 1058 266 1118 De
287 1059 408 1136 uirgine
429 1059 523 1118 istac:
545 1061 588 1116 ita
609 1058 800 1117 couturbasti
820 1058 897 1117 milu

220 1155 367 1216 Rationes
389 1157 503 1232 omnia,
526 1156 562 1214 uit
583 1174 650 1214 eam
670 1174 733 1215 uon
751 1156 865 1235 possim
885 1156 954 1215 euin

220 1253 265 1312 ita
284 1261 319 1313 ut
340 1257 469 1331 aequom
491 1254 593 1313 fuerat
614 1258 706 1333 utque
728 1259 762 1312 ut
783 1253 886 1313 studui
908 1253 1051 1333 trudon,

221 1353 264 1415 Vt
282 1351 412 1412 solidum
434 1371 577 1433 parerem
592 1355 634 1413 mi
649 1353 709 1413 hoc
723 1353 926 1431 beneficium,
952 1354 1093 1416 Chaerea

135 1452 194 1511 Cu.
224 1453 266 1509 At
296 1453 376 1510 minc
399 1451 511 1512 dehinc
539 1471 630 1533 spero
653 1455 809 1513 aeternam
830 1454 916 1512 inter
938 1472 999 1514 nor
1020 1458 1070 1533 gri

218 1551 319 1626 Fore,
348 1549 450 1609 Thuis.
487 1570 579 1631 saepe
602 1570 639 1611 ex
660 1551 750 1612 huius
771 1550 854 1611 modi
881 1569 917 1610 re
942 1555 1080 1633 quopiam

93 1662 118 1703 oo
197 1645 305 1708 ‘Malo'
326 1648 477 1728 principio
500 1652 606 1728 magna
627 1647 817 1709 familiiriias

219 1745 397 1804 Conflitaot.
425 1745 498 1823 quid
518 1748 544 1805 ci
564 1747 623 1806 hoc
647 1748 794 1826 quispiam
815 1745 915 1805 uoluit
941 1744 1044 1807 deun?

137 1842 196 1902 Tu.
219 1840 372 1921 Equidem
391 1842 444 1923 pol
465 1844 497 1903 in
520 1863 586 1904 eum
607 1848 726 1925 purtem
749 1845 930 1923 accipioque
954 1845 988 1903 et
1006 1842 1083 1904 uolo.

136 1939 194 2000 Cu.
222 1941 314 2001 Immo
337 1945 379 2001 ita
400 1961 522 2020 quaeso.
555 1961 647 2001 unum
668 1942 727 2001 hoc
749 1943 842 2020 sesto,
865 1939 1074 2000 contumeliae

219 2039 286 2099 Non
308 2043 358 2101 me
379 2040 490 2101 fecisse
513 2042 617 2118 carisa,
640 2038 696 2100 sed
718 2041 837 2099 umoris.
870 2039 933 2100 Tu.
959 2039 1042 2119 Scio,

94 2157 119 2197 ro
221 2139 262 2197 ut
282 2138 335 2218 pul
357 2145 524 2221 propterea
546 2138 640 2216 magis
661 2157 742 2197 nunc
760 2139 884 2214 ignosco
907 2139 978 2197 tibi.

219 2235 287 2295 Nou
309 2236 385 2297 ideo
406 2239 571 2297 inhumano
593 2237 817 2314 ingeniosum,
839 2235 992 2315 Chaerea,

220 2334 328 2410 Neque
349 2337 392 2394 ita
409 2337 559 2415 inperita,
580 2342 614 2394 ut
636 2335 710 2416 quid
728 2354 813 2394 umor
834 2332 937 2394 ualeat
956 2336 1112 2395 nesciam!

136 2431 194 2490 Cu.
222 2430 270 2490 Te
306 2435 428 2510 quoque
460 2435 535 2510 iam,
569 2433 680 2510 Thais,
703 2437 745 2493 ita
777 2450 826 2493 me
851 2431 883 2491 di
915 2433 999 2493 bene
1034 2428 1112 2495 omui

586 2551 662 2590 amo.

134 2626 189 2685 Pu.
219 2626 299 2686 Tum
318 2626 371 2707 pol
393 2630 450 2688 tibi
472 2630 509 2687 ab
531 2630 625 2706 istoc,
648 2633 716 2705 era,
738 2627 905 2688 cauendum
926 2626 1088 2706 intellego.

94 2745 117 2785 u
135 2723 192 2785 Cu.
221 2723 289 2783 Non
304 2727 409 2785 crisim.
451 2726 506 2786 Pr.
529 2725 580 2785 Nil
600 2727 657 2785 tibi
679 2729 837 2804 quicquum
859 2723 964 2784 credo.
1002 2720 1112 2785 'faoi

591 2844 682 2885 sinas.

136 2920 192 2980 Cu.
221 2921 309 2980 Nunc
330 2922 386 2999 ego
410 2929 441 2982 te
462 2925 494 2982 in
517 2925 573 2983 hac
594 2942 628 2982 re
651 2924 693 2982 mi
714 2925 768 2982 oro
791 2928 825 2981 ut
846 2920 980 2981 adiutrix
998 2923 1112 3000 aiecii

217 3018 284 3097 Ego
306 3020 355 3078 me
378 3026 448 3080 tuae
471 3019 649 3081 commendo
670 3027 704 3079 ct
725 3021 880 3079 committo
900 3017 981 3078 fide:

219 3117 266 3176 Te
290 3119 365 3177 mihi
385 3124 544 3198 patronam
567 3121 671 3200 cipio,
695 3118 806 3196 Thais,
829 3126 860 3178 te
884 3119 1032 3178 obsecro:

218 3219 376 3294 Emoriar,
397 3221 423 3279 ui
442 3239 504 3280 uon
526 3221 603 3278 hauc
625 3237 750 3278 uxorem
772 3218 898 3278 duxero.

92 3338 116 3378 uo
135 3317 196 3376 Tu.
221 3317 338 3377 Tamen
359 3321 385 3378 ai
405 3325 494 3399 puter
517 3318 625 3398 quid..
670 3319 728 3378 (iu.
759 3300 808 3378 ih
829 3314 931 3392 uolet,
953 3320 1044 3377 certo
1068 3317 1112 3376 acin

218 3417 301 3477 Ciuis
322 3417 413 3478 modo
430 3420 506 3479 haec
524 3421 573 3479 sit.
609 3417 670 3478 Tu.
693 3416 852 3477 Paululum
868 3419 1046 3497 opperirier
1087 3423 1112 3479 ὕ
