2242 3930
256 275 467 336 ADELPHI.

72 460 144 521 ltria
160 461 217 520 hac
231 458 365 520 audiuit:
384 458 418 519 id
434 457 481 519 illi
497 458 577 517 minc
593 456 680 519 dolet
885 487 896 526 r

72 607 76 620 .
98 563 187 637 pater
202 557 268 616 eius
282 554 339 614 nssi
353 555 477 635 pendit:
500 558 530 614 oi
547 557 632 634 mihi,

72 676 79 714 ι
96 658 147 715 hic
161 673 259 734 prope
275 653 356 713 adsit
370 652 482 713 tlicnbi
501 661 593 732 atque
609 655 686 715 haec
701 655 816 718 aridiot.

72 755 154 813 cient
168 771 246 831 quae
260 751 332 812 illos
349 753 525 830 aequomst,
547 751 630 812 haud
644 753 688 813 sic
704 754 847 814 asiierent

73 870 121 930 pes
136 852 249 929 omnis,
267 850 384 927 Hegio,
405 851 494 909 nobis
510 852 614 910 sitast:
819 862 869 917 455

73 969 116 1008 rm
129 948 292 1026 habemus,
313 950 348 1007 tir
365 965 398 1006 es
415 953 579 1026 patronus,
602 949 635 1008 tri
650 955 754 1028 pater:
883 967 907 1008 ro

72 1049 81 1105 i
96 1049 231 1106 moriens
246 1048 302 1105 nos
317 1043 541 1105 commendauit
555 1064 664 1105 senex:

73 1146 121 1205 *ris
135 1151 184 1222 tu,
206 1144 362 1223 periimus.
384 1143 444 1202 Hs.
462 1144 545 1203 Cane
561 1142 690 1204 dixeris:

74 1242 182 1302 ficiam
198 1259 299 1318 neque
316 1258 365 1299 me
381 1242 454 1299 sttis
469 1243 521 1320 pie
537 1260 629 1320 posse
645 1244 787 1303 trbitror.

85 1338 206 1399 saluere
223 1338 396 1416 Hegionem
411 1335 575 1417 pltrimum
817 1351 869 1407 460

77 1438 136 1497 Hs.
154 1421 219 1514 Oh,
242 1443 274 1496 tc
290 1438 474 1515 quaerebam
491 1440 605 1516 ipsum:
627 1436 728 1516 salue,
747 1440 868 1501 Demea.
884 1457 908 1498 ro

74 1535 169 1595 item?
189 1535 248 1595 Hs.
263 1534 364 1594 Maior
378 1532 464 1594 filins
480 1541 549 1594 tuos
560 1537 742 1615 Aeschinus,

74 1633 157 1691 tritri
173 1630 379 1711 adoptandam
395 1631 524 1710 dedisti,
546 1636 647 1712 neque
664 1636 737 1694 boni

75 1727 214 1789 liberalis
232 1729 356 1788 frinctus
372 1729 538 1790 officisimst
552 1731 621 1793 uiri.
816 1742 868 1797 464

75 1830 126 1888 tric
141 1829 213 1887 est?
236 1829 295 1887 Hn.
311 1828 457 1889 Nostrum
472 1832 600 1890 amicum
615 1850 705 1890 noras
721 1830 868 1891 Simulum

75 1929 144 1987 em?
170 1929 227 1988 Dn.
243 1926 393 2005 Quidni?
414 1930 473 1989 Hn.
490 1929 600 1989 Filiam
616 1931 681 1988 eius
696 1930 845 2007 uirginem
879 1955 904 1995 20

75 2048 88 2090 z.
109 2029 164 2089 ΒΕ.
181 2027 271 2088 Hem.
294 2028 353 2089 ΗΕ.
370 2028 479 2088 Mane:
500 2032 560 2089 non
577 2026 648 2087 dum
664 2026 792 2104 audisti,
806 2028 867 2087 Dt-

313 2145 390 2204 mea,

75 2227 109 2285 ‘st
130 2225 359 2314 granissumum.
390 2226 444 2289 Da.
463 2206 510 2285 rin
529 2223 603 2306 quid
624 2231 671 2284 est
689 2225 780 2284 etiam
805 2227 867 2285 im-

313 2322 416 2404 plius?

76 2419 194 2500 uplius:
212 2421 354 2480 namhoc
370 2420 493 2499 quidem
508 2420 671 2481 ferundum
686 2419 788 2500 aliquo
802 2441 867 2482 mo-

315 2519 398 2580 dost:
887 2577 890 2582 .

76 2617 105 2676 tt
119 2636 179 2677 nox
195 2620 280 2678 amor
295 2621 399 2678 uinum
415 2616 638 2678 adulescentia:
814 2627 866 2682 470

77 2721 158 2774 imst.
181 2716 234 2775 nbi
247 2717 307 2776 scit
319 2716 449 2794 fictum,
471 2716 509 2776 ad
525 2723 654 2776 matrcm
668 2716 796 2794 uirginis
879 2727 905 2766 ²⁵

77 2834 141 2894 osus
155 2813 239 2874 ultro
254 2812 425 2875 lacrumans
442 2836 532 2876 orans
548 2818 713 2875 obsecrans

77 2912 163 2990 dans,
187 2913 290 2973 iurans
305 2916 339 2974 st
353 2912 437 2975 illam
454 2913 615 2973 ducturtm
633 2910 764 2973 domurn.

77 3017 131 3088 rst,
155 3013 326 3090 tacitnmst,
347 3012 537 3074 creditumst.
567 3012 655 3088 uirgo
671 3013 708 3070 ex
725 3028 761 3068 eo

77 3114 133 3170 {ssu
149 3111 305 3189 grauidast
321 3113 419 3184 ficta3
446 3111 497 3168 hio
513 3111 626 3168 mensis
642 3106 786 3166 decumus
801 3114 864 3167 est:

81 3229 115 3268 ns
133 3211 181 3268 uir
199 3211 288 3269 nobis
304 3209 479 3288 psiltriam,
505 3209 530 3265 si
546 3206 592 3265 dis
607 3204 721 3285 placet,
813 3213 864 3268 476
878 3216 903 3257 ³⁰

78 3351 86 3384 ,
112 3309 233 3385 quicum
249 3310 346 3367 uiuat:
366 3307 449 3366 illam
465 3306 590 3365 dc‘serit.

78 3412 131 3464 ton
146 3412 180 3464 tu
194 3407 292 3464 istaec
308 3404 407 3464 dicis?
428 3405 487 3463 ΗΕ.
502 3403 605 3463 Mater
621 3401 749 3480 uirginis

79 3511 141 3581 ost,
165 3507 229 3583 ipsa
244 3506 349 3583 uirgo,
375 3521 427 3565 res
439 3504 526 3586 ipsa„
540 3503 597 3562 inc
611 3501 698 3562 (ieta
