2242 3930
133 244 196 308 242
552 247 720 310 antuus.
973 259 1019 310 iss

107 449 120 488 s
216 430 302 490 Aliis
318 439 353 491 ut
365 433 411 490 uti
424 434 540 512 possim
554 454 644 493 osuso
657 434 714 493 huo
728 435 861 513 integro.

220 529 282 590 Sed
298 529 413 590 uideon
430 549 487 609 ego
503 531 693 591 Philotium?
714 531 798 592 unde
812 534 891 593 hoeo
904 532 1016 594 idueniti

218 629 369 708 Philotis,
391 629 476 689 solue
491 629 630 693 miiitum
653 631 711 691 Pu.
727 629 754 689 0
772 629 873 712 salue,
891 634 1015 693 Pirmeno.

134 729 187 792 Su.
218 728 310 789 Salui
324 738 494 806 mecastor,
513 731 674 790 Ptrmeno.
696 730 753 790 Po.
765 731 808 790 Et
821 738 857 791 tu
871 730 983 812 edepol,

218 829 274 887 Dic
289 829 347 905 mi,
368 829 435 905 tbi,
458 827 607 904 Philotis,
629 836 662 887 te
676 827 842 889 oblectasti
858 835 917 889 tim
930 829 989 888 diat

95 937 120 978 ¹⁰
132 929 189 990 Pn.
218 927 357 987 Minume
373 924 517 1005 e'quidem
532 944 580 985 me
598 924 766 1005 obleotiui,
790 946 870 1006 quoe
884 947 946 987 oum
958 923 1021 986 otio

218 1026 400 1086 CorInthum
415 1027 488 1083 hinc
503 1045 570 1085 som
585 1026 728 1104 proiectu
740 1026 996 1086 inhumanissnno:

218 1125 379 1183 Biennium
395 1125 439 1183 ibi
453 1126 637 1204 perpe'tuom
650 1125 763 1183 misero
778 1123 869 1184 illim
883 1122 945 1187 tuli.

133 1222 188 1285 Po.
215 1220 338 1301 Edepol
352 1227 385 1280 te
400 1220 588 1280 desiderium
602 1221 793 1281 Athenarum
809 1223 950 1300 isbitror,

219 1319 405 1399 Philotium,
428 1323 548 1400 cepisse
563 1338 655 1400 saepe
669 1327 703 1379 et
716 1323 750 1380 te
763 1328 851 1380 tuom

93 1432 114 1472 ¹⁵
219 1419 390 1480 Consilium
408 1422 637 1499 contempsisse.
668 1420 727 1480 Pu.
741 1419 812 1480 Non
825 1419 889 1480 disi
902 1423 996 1500 poteo,

218 1521 314 1596 Quum
330 1517 442 1598 cipido
457 1536 540 1578 erum
555 1519 616 1577 huo
629 1516 799 1596 redeundi,
822 1517 977 1579 abundis
1024 1580 1028 1589 ,

217 1619 344 1694 Vosque
360 1618 411 1675 hic
426 1615 570 1693 uidendi,
591 1620 714 1695 antiquo
728 1623 764 1676 ut
776 1615 989 1677 consuetudine

216 1716 375 1792 Agitirem
389 1715 473 1772 inter
488 1733 542 1774 uos
558 1714 659 1774 libere
677 1715 867 1774 conuiuium:

215 1813 291 1871 Nom
305 1809 355 1869 illi
370 1810 453 1870 haud
466 1810 583 1872 licebat
594 1816 654 1872 nisi
667 1814 832 1892 praefinito
845 1811 933 1892 loqui

94 1921 119 1962 eo
217 1910 301 1985 Quae
314 1907 364 1967 illi
377 1907 548 1988 placerent.
577 1910 635 1973 Po.
650 1908 740 1969 flato
755 1911 868 1990 opinor
883 1904 1013 1970 commode

216 2012 325 2073 Finem
340 2011 482 2070 statuisse
499 2010 630 2069 ositioni
643 2009 782 2068 militem.

132 2110 188 2172 ΡΗ,
219 2109 282 2169 Sed
298 2107 371 2187 quid
384 2110 443 2167 hoe
455 2110 608 2185 negotist,
630 2107 720 2167 modo
737 2106 821 2187 qnod
834 2111 967 2168 nsmuuit
978 2097 1025 2164 nffl

216 2209 276 2267 Hic
292 2210 373 2267 intus
388 2207 539 2267 Bacchis?
557 2206 639 2285 quid
654 2227 711 2285 ego
725 2226 891 2286 numquam
908 2200 1007 2266 crediti

215 2307 314 2385 Fore,
336 2315 371 2365 ut
389 2305 444 2365 ille
459 2307 516 2364 hac
532 2308 602 2365 nius
614 2309 722 2386 posset
738 2307 870 2365 animum
886 2303 1011 2364 indicere

95 2422 119 2461 2⁵
216 2407 352 2468 onrem
366 2407 491 2466 habere.
513 2406 569 2467 ΡΛ.
588 2407 712 2465 Habere
728 2406 854 2465 antem?
875 2404 930 2464 Pu.
944 2403 1000 2464 lito

588 2504 781 2562 nonhabet?

133 2600 187 2662 ΡΑ.
218 2602 336 2660 Habet:
358 2600 414 2661 sed
427 2603 534 2660 firmae
549 2604 608 2661 hue
623 2604 735 2661 uereor
751 2607 786 2661 ut
800 2603 863 2661 sint
877 2604 997 2683 niptioe.

132 2697 189 2758 Pu.
217 2700 262 2758 lto
278 2700 309 2758 di
328 2699 466 2779 deaeque
480 2702 591 2779 fenim,
614 2703 641 2760 si
654 2703 687 2760 in
701 2719 767 2761 rem
784 2709 832 2761 est
847 2699 1017 2762 Beothius«

217 2794 280 2855 Sed
297 2800 349 2874 qui
365 2799 444 2857 istuc
459 2798 584 2857 credam
599 2800 643 2857 ita
663 2801 749 2876 esse,
770 2797 820 2857 dic
834 2801 926 2878 mihi,
946 2800 969 2858 P

131 2894 188 2955 Po.
213 2895 282 2954 Nou
297 2896 344 2955 e'st
360 2915 435 2976 opus
450 2895 588 2976 prolito:
611 2900 669 2958 hoc
684 2899 899 2977 percontirier

93 3012 118 3054 so
215 2994 344 3055 Desiste.
368 2995 424 3056 Pu.
436 2996 554 3077 Nempe
566 3015 602 3056 eo
614 3001 720 3073 omisa,
735 3002 769 3055 ut
782 3015 821 3056 ne
832 2996 866 3055 id
877 2998 931 3057 fist
941 2983 1029 3076 palam!

215 3093 260 3152 lta
275 3095 324 3153 me
341 3092 372 3153 di
387 3098 546 3174 amabunt,
568 3095 649 3156 haid
665 3104 833 3175 propterea
848 3098 882 3155 te
896 3115 976 3174 rogo,

216 3191 258 3250 Vt
273 3193 332 3251 hoc
347 3194 519 3271 proferam,
542 3192 599 3252 sed
613 3201 647 3250 ut
662 3194 755 3251 tioita
769 3210 889 3252 mecum
904 3190 1027 3272 gaudent.

132 3283 188 3347 ΡΛ.
215 3286 383 3366 Numquim
400 3298 460 3349 tom
476 3291 561 3350 dices
578 3291 752 3368 commode,
774 3299 809 3350 ut
822 3293 944 3371 tergitm
957 3298 1029 3350 mem

217 3386 313 3447 'fuam
329 3391 360 3445 in
376 3387 469 3448 iidem
484 3393 678 3449 committam.
702 3392 759 3450 Pn.
775 3391 824 3450 Ah
838 3391 918 3467 noli,
937 3391 1022 3449 Peme

86 3495 113 3535 ³⁵
212 3483 306 3562 Quasi
322 3486 355 3547 tt
372 3504 435 3546 non
449 3487 547 3550 multo
560 3486 651 3548 miiis
662 3508 792 3547 nomme
807 3490 867 3548 into
879 3490 954 3550 mihi
