2242 3930
85 214 127 280 14
482 209 688 270 11111111.
757 159 765 184 ’
891 213 1075 268 nna-o

172 383 257 458 Quae
279 381 348 440 sese
369 381 402 437 in
423 380 524 456 ignem
544 379 662 438 inicere
683 375 799 454 uoluit,
821 381 985 459 prohibui:
1041 393 1077 449 111
1101 414 1103 420 ·

172 480 324 541 Serutui!
357 479 488 537 honesta
507 478 645 536 orttiost.
672 476 724 537 Soc
747 477 846 537 Recte
865 485 972 558 putas:

34 602 70 644 111
172 579 247 639 Nam
269 578 296 637 si
317 574 403 634 ilium
425 576 587 652 obiurges,
608 575 689 633 uitae
712 575 764 652 qui
786 573 928 636 anullirim
952 575 1036 656 tulit,
1104 557 1114 615 f

174 673 254 753 Quid
276 673 369 733 iteias
387 670 453 751 illi,
472 675 524 750 qui
539 670 627 730 dedit
641 669 782 730 damnum
804 674 856 731 arit
876 671 1014 734 malum?
1105 657 1118 731 i

89 774 131 834 Si.
170 771 267 834 Venit
290 771 440 831 Chremes
461 766 613 849 postridie
635 766 673 827 ad
695 786 744 828 mc
766 765 940 831 cldmItans:
1011 777 1015 790 ''

171 869 331 949 lndIgnum
353 869 486 928 facinus:
508 867 713 946 cdmperissc‚
735 866 928 948 Pdmpbilum
1042 880 1081 934 115

173 971 235 1031 Pro
248 971 344 1029 undrc
358 969 474 1027 habere
489 957 567 1026 hanc
581 967 788 1045 peregrinam.
820 986 878 1046 ego
894 967 973 1028 illud
986 967 1082 1029 sedulo

176 1070 298 1148 Negtre
320 1068 443 1127 iactum.
475 1063 532 1125 ille
555 1069 648 1125 instat
666 1065 789 1126 iactum.
823 1064 957 1144 denique

173 1170 218 1230 ita
239 1171 304 1229 trim
327 1164 453 1226 discedo
475 1167 512 1224 ab
532 1163 602 1239 iilo,
626 1172 660 1223 ut
682 1166 734 1243 qui
756 1183 790 1225 se
812 1163 909 1223 filiam

173 1269 274 1348 Neget
298 1265 448 1326 daturum.
487 1264 538 1324 So.
566 1265 634 1323 Non
662 1271 695 1324 tu
723 1265 765 1324 ibi
788 1263 932 1342 gnatum?
973 1263 1016 1323 Sr.
1047 1261 1084 1323 Ne

542 1359 618 1421 naec
641 1363 765 1441 qurdem

112 1522 114 1526 .
172 1467 253 1527 Satis
286 1467 413 1526 uc'mens
448 1483 537 1524 causa
570 1469 608 1521 ad
642 1460 872 1540 obiurgandum.
935 1462 986 1522 So.
1036 1461 1086 1537 Qui

545 1558 645 1618 cedo?
1044 1568 1087 1622 151

24 1654 27 1661 ’
125 1707 132 1720 .
172 1660 268 1720 ‘Tute
289 1661 355 1739 lpse
375 1658 424 1717 his
445 1658 538 1716 rebus
559 1656 655 1715 finem
674 1657 890 1736 praescripsti,
912 1665 1019 1736 pater:

174 1760 277 1839 Prope
297 1756 400 1834 adeat,
423 1775 514 1835 quom
536 1753 637 1815 alieno
660 1757 745 1814 more
763 1752 958 1818 uiuenddmst
978 1755 1066 1814 mihi·

175 1856 249 1916 Sine
270 1856 352 1915 minc
374 1871 442 1913 meo
460 1870 509 1912 me
531 1855 639 1912 uiuere
659 1852 780 1910 interet
802 1849 914 1910 modo!

135 2000 142 2014 .
175 1955 234 2030 Qui
249 1953 345 2031 igitir
367 1949 495 2011 relictus
517 1950 565 2008 est
582 1947 763 2026 obiurgandi
782 1945 892 2007 locus?

128 2100 135 2113 .
174 2052 207 2114 Si
227 2054 357 2133 propter
379 2069 514 2110 amorem
535 2051 661 2108 uxorem
680 2044 768 2106 nolet
786 2045 909 2106 dicere.
1046 2055 1091 2108 155

174 2152 219 2212 lia
239 2152 369 2231 primum
391 2150 428 2208 ab
450 2145 505 2206 illo
528 2143 800 2205 animdduortenda
819 2145 970 2204 iniririast.

176 2251 218 2310 lut
239 2250 320 2309 minc
341 2247 373 2307 id
395 2264 520 2327 operam
542 2244 598 2321 do,
621 2247 655 2303 dt
676 2262 733 2323 per
756 2242 848 2303 falses
869 2243 992 2322 nriptias

175 2348 259 2410 Vera
278 2343 459 2424 obiurgandi
476 2345 564 2404 carisa
583 2344 639 2420 sit,
661 2344 687 2401 si
710 2341 857 2421 deneget:

175 2443 272 2505 Simril
295 2441 464 2504 sceleratus
488 2442 586 2500 Dauos
608 2439 710 2518 siquid
731 2439 839 2500 cdnsili

175 2544 294 2617 Habet,
316 2543 351 2601 rit
367 2550 525 2600 consumat
539 2543 636 2616 minc,
659 2560 749 2618 quom
763 2538 808 2599 nil
824 2541 926 2599 obsint
942 2535 1024 2597 doli:
1048 2545 1095 2600 151

177 2641 273 2716 Quem
296 2658 352 2718 ego
376 2637 470 2698 credo
491 2638 629 2697 manibus
649 2636 841 2716 pedibusque
863 2635 973 2694 obnixe
997 2634 1095 2694 dmnia

175 2737 355 2798 Facturum:
377 2736 471 2813 magis
493 2734 525 2795 id
547 2733 641 2808 idco,
663 2734 737 2793 mihi
759 2740 793 2791 ut
811 2729 1029 2804 incommodet,

175 2837 270 2912 Quam
297 2841 331 2893 ut
360 2835 545 2912 obsequatur
573 2837 673 2910 gndto.
718 2832 768 2891 So.
802 2828 1023 2910 Quapropter?
1055 2827 1096 2887 Sr.

547 2931 670 3010 Rogas?

176 3029 260 3091 Mala
277 3030 378 3106 mens,
400 3026 496 3088 mulus
511 3029 636 3088 animus.
670 3031 759 3107 quem
774 3026 897 3106 quidem
911 3043 968 3102 ego
983 3025 1010 3083 si
1027 3025 1096 3084 sen·

545 3145 615 3187 scro
637 3169 676 3185 ..

176 3225 239 3285 Sed
260 3224 334 3305 quid
352 3233 443 3306 opust
461 3227 587 3285 uerbis?
609 3227 655 3283 sin
678 3223 816 3296 eueniat,
839 3219 921 3300 quod
942 3217 1025 3297 uolo,
1049 3227 1096 3283 155

175 3324 208 3383 in
229 3323 389 3406 Pdmpbilo
412 3331 447 3385 ut
467 3322 512 3382 nil
533 3326 573 3381 sit
595 3339 712 3380 morae:
734 3323 831 3379 resttt
850 3319 1010 3401 Chremes,

36 3439 76 3484 ro
178 3422 237 3497 Qui
258 3424 298 3482 mi
320 3420 490 3482 exorandus
512 3421 574 3479 est:
593 3425 626 3479 et
645 3437 736 3500 spero
758 3417 895 3477 confore.
