2242 3930
118 191 161 254 ³0
517 184 722 246 ANDRIA.
946 184 1024 238 uua
1099 206 1104 225 2

122 359 179 421 Pa.
200 358 309 438 Neque
329 357 399 417 istie
420 373 521 435 neque
542 353 616 413 alibi
631 355 687 414 tibi
702 355 763 413 erit
777 372 906 433 usquam
920 353 957 413 in
972 353 1022 413 mt
1110 362 1113 389 ⁶

575 453 630 512 Bu.
653 453 742 512 Hem.

80 573 105 615 ιι
122 557 178 616 na.
206 554 375 615 0bm1ituit.
407 553 463 612 Bu.
486 550 566 627 Quid
588 551 687 612 dixit?
709 551 862 611 Sullanis
884 559 919 610 ut
940 553 978 611 te'
999 549 1020 611 d
1044 588 1051 602 ν

207 654 304 728 Quom
325 653 406 712 istuis
428 648 510 730 quod
531 647 654 729 postulo
677 652 799 729 inpetro
823 667 891 708 cum
910 651 1022 728 guttis.
1111 656 1114 681 ²

122 752 176 812 Bu.
207 749 281 809 Sum
301 748 414 809 uerus?
436 766 524 825 erus,
547 753 693 824 quantum
712 745 819 824 auidio,
841 764 939 806 uxore
964 745 1074 807 excidit
1111 800 1116 807 .

122 850 165 910 Su.
204 849 218 909 l
236 850 378 908 mincium
398 849 499 924 intro,
526 864 566 905 ne
588 849 620 904 in
639 864 741 922 mora,
764 865 854 923 quom
877 865 957 925 opus
979 849 1034 924 ait,
1056 884 1083 897 α
1116 854 1121 882 ¹

121 949 178 1009 Pa.
202 949 259 1011 lm.
292 948 347 1007 Bu.
367 944 500 1006 Nullane
519 945 552 1004 in
566 948 603 1004 rt
617 963 686 1005 esse
706 945 868 1023 quoiquam
885 945 1008 1004 homini
1020 942 1066 1005 ill
1119 952 1121 994 ²

80 1057 104 1100 ιι
206 1044 322 1106 Verum
344 1042 424 1103 illud
444 1044 620 1119 uerbumst,
641 1040 733 1120 uulgo
756 1041 838 1121 quod
859 1041 923 1101 dici
944 1043 1037 1120 solet,
1077 1065 1083 1096 ι

205 1145 310 1203 Omnis
333 1145 392 1202 sibi
410 1139 504 1201 malle
525 1139 635 1200 melius
658 1159 832 1218 essequam
852 1139 954 1200 tlteri.

203 1245 270 1321 Ego
293 1241 377 1302 illam
399 1241 478 1301 uidi:
500 1242 651 1319 uirginem
672 1240 771 1299 iormi
791 1242 871 1298 bona

204 1341 334 1403 Memini
357 1339 478 1399 uidere:
499 1358 558 1418 quo
581 1339 708 1417 aequior
731 1356 796 1397 sum
817 1337 992 1416 Pamphilu,

205 1439 239 1499 Si
266 1441 300 1498 se'
326 1436 410 1497 illam
432 1438 465 1496 in
487 1438 601 1496 somnis
624 1455 713 1516 quam
735 1432 821 1494 illum
845 1433 994 1514 amplecti
1015 1433 1088 1496 mill

78 1549 105 1592 m
204 1536 414 1611 Renuintiabo‚
436 1541 471 1594 ut
491 1553 548 1613 pro
571 1534 630 1592 huic
650 1530 730 1592 malo
751 1533 827 1591 mihi
848 1531 901 1591 det
922 1529 1046 1594 malum.

59 1638 107 1690 116
122 1635 177 1694 Da.
204 1634 265 1693 'Hic
285 1636 367 1693 mine
389 1653 438 1693 me
459 1633 560 1693 eredit
582 1632 713 1710 iliquam
734 1633 792 1690 sibi
809 1629 963 1691 fallaciam

205 1733 336 1792 Porttre
359 1740 391 1792 et
411 1751 446 1791 ea
467 1751 516 1793 me
537 1733 587 1791 hie
608 1732 762 1791 restitisse
784 1731 890 1808 gritia.

122 1832 164 1892 Su.
207 1829 302 1908 Quid,
337 1831 435 1910 Dine,
468 1831 595 1891 narrat?
628 1831 687 1889 lis.
721 1831 829 1908 Aeque
857 1828 1023 1908 quiequam
1048 1829 1092 1890 mi

577 1927 709 2008 quidem.

123 2029 166 2090 Si.
206 2028 321 2091 Nilne?
349 2029 429 2089 hem.
461 2030 519 2089 Da.
546 2027 598 2088 Nil
620 2048 755 2109 prorsus.
793 2027 836 2086 Su.
866 2008 961 2104 :ltqui
985 1982 1121 2109 expectul

577 2130 645 2188 bam
668 2127 801 2207 quidem.
1079 2150 1100 2161 ²

92 2242 105 2280 ι
122 2224 180 2283 Da.
206 2225 337 2285 Praeter
357 2244 442 2304 spem
458 2225 581 2283 euenit:
603 2226 718 2284 sentio:
739 2226 799 2284 hoc
814 2221 893 2282 male
908 2223 1007 2283 habet
1021 2225 1111 2284 unm

123 2323 165 2383 S1.
204 2323 296 2382 Potin
319 2325 352 2383 es
374 2324 448 2381 mihi
470 2342 576 2381 uerum
598 2323 723 2383 dicere?
744 2324 803 2382 Da.
825 2320 877 2382 Nil
898 2321 1033 2384 finilins.

123 2420 165 2479 81.
206 2419 283 2477 Num
304 2418 352 2478 illi
373 2418 520 2479 molestae
543 2419 697 2500 quidpiam
716 2421 793 2482 haee
813 2427 885 2480 sunt
904 2421 1036 2499 nuptiae

207 2519 343 2578 Huiusce
365 2523 495 2598 propter
517 2519 769 2579 etnsuetudinem
790 2519 953 2600 hispitae?

123 2615 180 2674 Da.
205 2612 256 2673 Nil
278 2614 402 2675 hercle:
425 2622 491 2694 aut,
513 2618 539 2676 si
562 2616 655 2696 adeo,
676 2617 791 2676 biduist
812 2622 863 2676 aut
884 2615 979 2676 tridui
1075 2621 1113 2676 lat

83 2745 107 2786 10
207 2713 293 2772 Haec
314 2712 507 2776 sullicitudo:
529 2718 631 2776 nisti?
654 2715 767 2776 deinde
787 2714 917 2775 (le'sinet.

208 2811 332 2870 Etenim
353 2815 436 2891 ipsus
458 2831 561 2872 secum
583 2818 648 2874 eam
670 2832 737 2872 rem
758 2815 913 2892 reputauit
933 2815 993 2871 uia.

124 2908 165 2969 Si.
205 2906 319 2968 Laudd.
352 2909 410 2968 ns.
432 2910 510 2970 Dum
532 2909 680 2971 licitumst
701 2912 731 2971 ei
754 2909 887 2990 dumque
908 2914 993 2970 netis
1015 2908 1094 2987 tulit,

209 3008 344 3067 Amant:
367 3016 431 3067 tum
451 3008 484 3068 id
506 3009 599 3069 clama
620 3012 717 3087 cauit,
738 3028 778 3068 ne
799 3029 940 3088 umquam
961 3009 1100 3070 initimiae

207 3109 252 3167 Ea
274 3110 324 3168 res
347 3108 405 3166 sibi
427 3116 526 3187 esset,
549 3110 583 3168 uit
605 3111 703 3169 uirum
725 3109 839 3168 fortem
861 3107 968 3169 deeett
1075 3114 1118 3170 m

79 3225 105 3269 ιι
207 3206 294 3264 Nunc
317 3208 411 3266 uixere
434 3227 509 3286 opus
531 3216 593 3268 est:
615 3210 745 3268 inimum
768 3206 806 3266 ad
828 3227 953 3267 uxorem
976 3206 1101 3288 adpulit

125 3302 167 3367 Su.
207 3304 369 3366 Subtristis
390 3306 473 3366 uisus
495 3308 543 3366 tst
564 3325 633 3366 esse
652 3305 840 3385 aliquantium
863 3307 948 3365 mihi.

124 3402 180 3464 ΒΑ.
205 3401 255 3464 Nil
277 3404 408 3483 prtpter
428 3404 507 3463 hanc
528 3421 610 3481 rem,
632 3402 687 3464 sed
708 3411 758 3464 est
779 3401 861 3484 quod
882 3407 1043 3465 suscenset
1058 3403 1116 3464 tibi
