2242 3930
13 208 170 285 ιιι-ω
331 227 617 292 uvnvcnvs.
919 234 979 298 loo

12 418 28 465 t
53 399 142 477 Quid
168 397 225 459 illd
249 397 413 475 faciemun,
439 398 556 458 stultu?
602 400 659 461 Pn.
684 400 766 477 Quid
788 402 898 480 suciis,
931 425 981 463 ro-

429 495 503 573 guo?

50 593 138 657 Vide
161 595 286 670 omnibu,
301 592 329 652 oi
348 610 428 670 non,
451 610 543 671 quom
564 592 711 672 donicion,
735 614 769 656 oo
785 597 936 678 inpudens

52 693 208 756 videtur:
227 696 293 751 tum
313 700 415 752 autom
437 710 514 771 quae
538 692 603 751 diuo
626 691 856 753 conflddntimt!

181 863 383 923 cnutum.
426 859 562 920 Tuum.
602 861 779 923 Pinum.

11 1002 32 1067 μ.
61 987 155 1070 Apud
177 971 386 1068 Antiphonem
406 988 553 1067 otiique,
574 994 673 1049 mater
694 992 727 1050 dt
744 998 844 1070 puter,
929 1002 1037 1063 diuvo

58 1089 154 1165 Quasi
176 1085 284 1148 dddito
303 1104 397 1166 opero
418 1085 502 1145 ddmi
524 1098 628 1165 erunt,
655 1093 690 1146 ut
710 1088 796 1149 nulld
817 1089 908 1151 modo

11 1220 13 1231 =
59 1187 148 1246 {ntro
169 1189 218 1246 iro
238 1202 378 1265 possem,
401 1187 475 1264 quin
496 1182 642 1244 uiderent
662 1204 720 1245 me.
753 1189 878 1247 interim

57 1286 139 1345 Dum
158 1290 231 1344 unte
252 1285 363 1344 dotium
383 1290 448 1362 sto,
469 1287 560 1343 ndtuc
581 1285 657 1343 mihi
677 1283 799 1364 quidum
821 1289 940 1349 obuium
1054 1328 1055 1332 =

58 1384 165 1445 Venit.
204 1382 257 1443 uhi
277 1380 358 1460 uidi,
378 1400 435 1461 ego
456 1399 505 1440 me
526 1383 558 1439 iu
575 1380 671 1460 pedes
694 1385 840 1460 quuntuim
860 1405 938 1463 queo
997 1410 1008 1445 5

59 1484 94 1542 ln
115 1482 312 1562 dugiportum
333 1478 485 1560 qudddom
507 1478 680 1554 desertum
703 1480 776 1540 inde
797 1484 872 1542 item
930 1492 981 1545 84⁵

58 1582 93 1642 In
114 1578 219 1659 iliud,
239 1577 313 1639 indo
333 1580 365 1638 in
388 1577 488 1638 iliud:
515 1580 558 1637 itu
578 1579 776 1641 misdrrnmuo

57 1681 119 1741 Fui
141 1677 320 1759 fugitando,
341 1680 451 1759 ndquio
472 1697 521 1738 me
544 1681 754 1758 cogndsceret.

58 1777 125 1841 Sed
141 1780 231 1840 dutne
250 1778 327 1838 hoec
342 1777 453 1856 Thais,
475 1780 564 1857 quim
586 1778 701 1838 uideo?
723 1781 829 1861 ipsust.
866 1781 980 1842 hadrec

56 1877 141 1956 Quid
169 1877 288 1938 ficium.
325 1876 400 1957 quid
420 1896 488 1936 meu
508 1877 632 1937 utitem?
667 1877 740 1957 quid
768 1880 862 1941 iocidt
886 1882 1025 1946 mihi21o

57 1974 226 2037 Adeimus.
261 1975 529 2051 cuneandum,
551 1973 651 2035 solue:
676 1974 724 2036 dic
742 1978 827 2054 mihi,
929 1988 982 2042 850

55 2074 262 2156 Aufugifltin?
312 2075 370 2135 Cn.
396 2075 475 2151 Era,
503 2073 625 2134 fictum.
676 2074 738 2136 Tu.
761 2076 847 2134 Satin
868 2076 902 2136 id
923 2079 980 2137 tibi

431 2171 558 2254 placei?

25 2324 28 2335 .
54 2277 139 2336 Non.
187 2273 249 2335 Tu.
272 2271 432 2334 Crddinte
454 2273 570 2352 inpune
585 2273 782 2332 hdbiturum?
804 2274 863 2335 Gn.
884 2274 980 2336 Vnum

432 2370 512 2430 hunc
534 2370 652 2429 noxium

49 2477 197 2535 Amitte:
220 2472 246 2531 si
269 2471 358 2530 olium
379 2469 534 2529 udmIsero
554 2489 710 2547 umquam,
734 2469 876 2531 occidito.

9 2590 22 2636 ι.
50 2574 141 2634 Num
157 2574 255 2630 metm
270 2571 428 2630 saeuitiam
444 2568 593 2629 udritu'o?
625 2569 683 2629 Cn.
699 2567 776 2628 Non,
811 2570 872 2631 Tn.
889 2568 978 2632 Non?
998 2593 1020 2633 u

435 2666 505 2744 quid
530 2666 646 2744 igitur?

9 2819 15 2833 ,
46 2770 151 2829 Hauc
172 2767 267 2824 me'tui
287 2783 327 2825 ne
346 2783 395 2824 me
417 2767 633 2825 criminaretur
655 2762 721 2825 tibi.
929 2776 980 2831 855

10 2915 18 2928 .
46 2860 143 2942 Quid
158 2863 301 2921 soceros?
332 2863 390 2923 Gn.
410 2861 537 2921 Paulum
554 2861 705 2940 quiddam.
740 2862 792 2922 Pu.
811 2864 879 2923 Eho
895 2870 981 2944 ‘puu-

433 2961 508 3021 lum’
531 2960 705 3040 inpudens?

45 3065 106 3124 An
130 3056 255 3140 paulum
276 3060 335 3119 hoc
357 3079 426 3119 esso
448 3061 504 3118 tibi
526 3060 664 3131 uidetur,
687 3061 836 3138 uirginem

45 3160 182 3223 Vitidre
205 3158 325 3218 ciuem?
348 3159 405 3219 Gn.
427 3159 614 3219 Conseruam
637 3177 705 3217 esse
728 3158 856 3217 crddidi.

46 3256 274 3320 Conudruum‘i
296 3256 347 3314 uix
363 3275 412 3314 me
434 3258 577 3315 contineo
601 3259 673 3334 quin
695 3255 829 3315 innolem
1000 3277 1025 3314 nu

47 3357 207 3420 Monstro
235 3357 266 3414 {n
294 3352 454 3434 capillum:
490 3357 581 3414 etium
610 3354 691 3414 idtro
720 3355 854 3416 derisum
889 3355 983 3417 idue-

435 3455 490 3513 nit.
929 3465 983 3520 860
