2242 3930
160 219 182 264 X
565 221 744 263 encausto

160 373 328 432 aan‘etatem
348 385 424 444 quae
450 370 493 429 ad
515 373 607 430 satam
626 370 777 430 scestoniae·
794 373 914 445 naama
934 372 1075 431 vocabula
1096 389 1119 429 n

159 473 265 529 tionem
284 470 426 545 pertinet,
460 469 584 540 itemque
615 468 666 527 ubi
689 474 772 528 actus
797 484 977 542 scaenasque
1003 471 1091 528 aliter
1117 500 1119 524 .

159 566 310 627 Bentleius
330 567 466 626 constitui
469 610 477 637 ‚
498 567 549 624 cui
567 568 614 625 rei
631 566 852 640 coaaascendae
865 567 994 625 nonnis
1016 568 1046 624 in
1067 582 1119 624 ma

157 668 274 743 ciuibus
293 667 419 742 odontes
434 668 585 740 moenum
606 671 657 725 est.
844 657 845 662 ’

242 764 345 823 Restat
363 768 396 821 nt
414 764 456 822 eis
475 763 547 822 airis
568 763 659 823 doctis
679 765 732 837 aui
750 779 821 824 suos
837 764 982 838 quasdam
1002 765 1119 823 conieca

158 875 212 921 ras
235 860 425 920 Terentianae
436 861 578 934 priuatim
598 875 710 919 mecum
729 863 1015 944 communicaverant
1034 867 1064 920 et
1076 867 1110 920 ut

159 974 243 1017 usum
263 973 358 1017 meum
383 961 579 1017 converterem
596 959 795 1030 namneum
817 961 935 1032 aranas
956 974 1045 1032 onom
1065 975 1119 1032 qao

160 1057 315 1114 mamacas.
347 1070 384 1115 ac
409 1057 537 1129 ammam
569 1053 686 1127 quaem
717 1054 885 1116 Theodorus
918 1055 1069 1129 Beraiius
1099 1055 1119 1113 Ιι

159 1154 295 1214 Hecaton
315 1155 506 1212 timorumenu
526 1150 741 1212 enmonanes
761 1169 831 1213 suos
851 1155 926 1213 acteo
948 1154 1022 1213 miii
1034 1153 1119 1227 pron

158 1255 200 1312 uit
214 1258 247 1311 ut
265 1253 297 1310 in
316 1250 468 1311 verborum
489 1251 622 1310 ordinem
641 1255 818 1326 receperim:
840 1269 865 1310 a.
890 1250 929 1312 72
945 1247 1041 1310 Enim
1065 1247 1117 1310 dic

159 1353 314 1429 quantum
335 1353 519 1423 (occupatam
540 1347 595 1407 itae
607 1363 628 1406 o
642 1347 748 1408 Botnr’o
767 1350 798 1408 in
811 1349 922 1423 eptem.
934 1350 1025 1422 onia.
1039 1347 1119 1406 Dara

158 1447 234 1506 stad.
256 1461 285 1503 a.
312 1442 387 1504 1841
405 1462 440 1519 p.
465 1441 573 1516 1062),
601 1445 709 1505 a.154
737 1441 797 1504 hoo
820 1441 987 1526 quamsit,
1015 1440 1062 1504 ibi
1088 1463 1119 1504 n<

158 1548 263 1620 reete,
285 1559 311 1601 a.
333 1540 393 1601 253
413 1539 498 1601 unde
518 1540 549 1601 ei
568 1558 639 1601 osse
654 1558 784 1619 censos,
803 1559 829 1601 a.
850 1539 911 1601 300
934 1539 980 1601 eis
1000 1538 1119 1602 demun

158 1638 261 1700 rarior
276 1644 349 1715 (qua
368 1641 592 1700 incorrectione
606 1642 781 1715 praeiverat
795 1640 943 1715 mactra),
963 1655 988 1698 a.
1006 1637 1119 1698 40211

160 1757 232 1800 esso
253 1735 414 1815 habitum,
437 1736 492 1800 diu
514 1738 612 1800 etiam
624 1736 736 1801 turbas
756 1735 864 1818 dabit,
886 1757 912 1798 a.
930 1740 990 1800 405
1009 1735 1068 1799 GL.
1085 1756 1119 1799 an

158 1833 327 1919 Antiphila
346 1842 452 1914 reponi
470 1842 565 1914 iusss't,
586 1856 612 1898 a.
634 1837 691 1897 411
716 1836 818 1920 primo
834 1855 876 1898 ex
896 1855 963 1916 me3
985 1840 1065 1898 aliae
1079 1857 1119 1914 qu

158 1950 217 1994 aon
231 1937 332 2009 recepi
349 1937 418 1996 otim
437 1939 469 1997 in
483 1938 691 1997 commentario
711 1937 814 1996 critico
833 1934 1022 2008 miscreatur.
1045 1937 1119 1995 dein

158 2048 224 2092 cam
244 2033 282 2092 oe
302 2035 416 2093 nomine
441 2036 491 2094 itta
510 2037 641 2094 metieris
660 2035 740 2108 auat
753 2035 886 2093 Animae
905 2050 931 2091 a.
954 2032 1013 2092 945
1035 2049 1055 2090 a
1070 2035 1119 2092 tior

158 2130 327 2203 foedissimo
346 2133 451 2192 mento
472 2127 628 2193 Pasibula
649 2133 790 2192 trainam
811 2139 866 2205 est,
889 2132 1044 2205 Georaimn
1066 2131 1119 2190 Be

159 2229 369 2303 zenoeraerum
389 2237 418 2289 et
439 2230 576 2290 Corotnm
595 2231 737 2301 Keiiium,
759 2232 885 2289 atterum
905 2245 1007 2289 coram
1023 2245 1082 2305 per
1102 2233 1119 2289 is

158 2326 366 2385 canaasinan
389 2342 485 2386 meam
512 2329 690 2386 mansionem
713 2327 922 2398 Dresdensem,
951 2344 1009 2402 per
1039 2329 1119 2386 litter

159 2428 284 2484 atterum
298 2428 512 2498 nannetensem,
533 2431 654 2498 uterque
672 2425 746 2483 miro
759 2427 986 2484 consumamini
997 2442 1119 2501 proposi

157 2524 192 2583 id
205 2523 286 2597 quoti
298 2525 400 2596 recepi
412 2517 579 2603 Pasiphilo
587 2566 595 2599 ,
617 2522 697 2596 quod
710 2536 814 2581 nomen
829 2520 980 2581 Terentius
996 2525 1030 2580 ai
1046 2527 1119 2582 mira

156 2623 277 2695 scripsit
293 2615 447 2702 Pasipila.
471 2621 594 2694 maique
607 2618 743 2678 Heauton
763 2621 956 2678 timorumenu
968 2626 1035 2693 post
1046 2636 1072 2676 o.
1092 2617 1119 2676 2t

157 2737 247 2779 anam
277 2736 392 2779 uersum
422 2720 539 2778 incuria
575 2717 764 2776 librariorum
800 2718 946 2777 cncidr'sse
977 2717 1118 2792 Rudotpit

157 2806 323 2879 canemus
338 2820 410 2878 neoc
427 2819 610 2892 sanificans.

240 2917 355 2976 Dabam
374 2913 571 2986 Francofurti
596 2914 640 2972 ad
663 2913 801 2972 Moenum
828 2929 925 2973 mense
950 2911 1051 2986 Aprili
1080 2931 1119 2972 an

159 3013 312 3074 MDCOOL
321 3014 388 3075 VII.
