2242 3930
287 875 560 971 ιιιιιι.
628 855 630 861 ’

226 1064 456 1124 Pmoun.
502 1061 628 1122 Sara

82 1230 142 1312 pol
158 1250 248 1309 quam
261 1249 375 1310 paucos
393 1231 531 1310 reperias
546 1231 761 1291 meretricibus
955 1246 996 1302 11

75 1329 130 1388 ilis
146 1331 274 1388 euenire
293 1329 461 1406 amatores,
485 1328 572 1407 Syra.

87 1428 140 1485 hie
156 1424 333 1505 Pimphilus
348 1427 469 1486 iurtbat
484 1427 626 1504 quotiens
640 1425 797 1504 Bacchidi,
897 1436 932 1493 60

75 1545 111 1583 rm
127 1528 251 1601 sancte,
272 1529 308 1582 ut
322 1524 422 1602 quiuis
437 1523 529 1583 sicile
543 1531 649 1604 posset
663 1523 804 1603 eredere,

75 1640 183 1699 aquam
196 1619 251 1680 illa
265 1621 337 1679 uiua
353 1619 516 1680 dicturum
531 1624 657 1682 uxorem
673 1621 808 1683 domum!
943 1631 956 1670 ⁵

85 1718 180 1780 duxit.
215 1718 268 1778 Su.
283 1719 368 1797 Ergo
382 1721 551 1799 propterea
564 1726 597 1778 te
615 1718 721 1779 sedulo

75 1820 178 1877 moneo
195 1825 227 1876 et
241 1817 368 1896 hortor,
391 1820 431 1877 ne
448 1820 646 1898 quoiusquam
661 1823 816 1892 misereat,

75 1935 96 1974 ιι
110 1913 226 1995 spolies
240 1913 365 1975 mutiles
380 1914 516 1995 laceres,
533 1935 715 1995 quemquem
729 1919 818 1975 nicta
829 1918 880 1978 sis.
895 1926 928 1981 65

75 2033 88 2072 ιι
103 2016 244 2074 eximium
261 2015 414 2074 neminem
427 2016 578 2074 habeam?
608 2015 660 2076 Su.
675 2013 848 2074 No'miuem:

75 2116 195 2173 anemo
209 2111 334 2172 illorum
351 2106 527 2191 quisquam,
547 2113 641 2189 scito,
664 2109 703 2170 ad
717 2112 749 2169 te
763 2113 859 2189 uenit,
944 2134 967 2175 ro

75 2229 95 2266 ιι
108 2213 150 2268 ita
164 2215 255 2289 paret
271 2228 356 2287 sese,
379 2210 433 2268 (abs
448 2219 479 2268 te
494 2218 528 2268 ut
541 2206 698 2268 blanditiis
715 2208 777 2266 suis

75 2326 110 2364 rm
125 2310 258 2365 minumo
276 2307 379 2385 pretio
395 2310 478 2365 sutm
495 2303 685 2384 uoluptatem
703 2302 832 2383 expleat.

76 2407 141 2463 cine
156 2409 191 2462 tu
206 2404 312 2462 amabo
328 2406 390 2463 non
405 2409 512 2463 eontra
526 2399 736 2462 insiditbere?

75 2505 131 2561 aen
146 2500 201 2582 pol
217 2501 346 2562 eandem
361 2503 537 2562 iniririumst
551 2520 619 2561 esse
636 2501 782 2560 omnibus.

75 2600 161 2658 irium
175 2605 305 2659 autemst
319 2598 428 2659 ulcisci
444 2598 660 2658 aduorstrios?

75 2702 149 2777 ;qut
165 2698 215 2756 uia
231 2703 263 2756 te
280 2701 406 2777 otptent
420 2695 528 2756 eadem
542 2698 626 2776 ipsos
644 2698 734 2776 oapi?

75 2797 102 2854 ui
116 2813 166 2855 me
180 2795 340 2874 miseram,
363 2799 439 2873 quor
453 2815 516 2855 aon
530 2801 582 2855 aut
598 2797 694 2856 istaec
708 2797 784 2857 mihi

75 2897 108 2952 aa
123 2900 156 2953 et
170 2893 299 2953 formast
314 2896 367 2955 airt
381 2897 438 2954 tibi
456 2897 532 2955 haee
550 2897 725 2955 senteutia‘.²
896 2905 929 2962 75

130 3062 327 3126 Parnaso,
372 3062 566 3124 Puraorls.
613 3064 724 3124 Sauo.

75 3190 115 3248 ιέιι
131 3191 157 3248 si
175 3195 304 3272 quaeret
317 3192 382 3268 me,
404 3189 493 3250 modo
508 3192 569 3249 isse
585 3188 679 3249 dicito

78 3289 200 3366 portum
214 3292 430 3368 percontetum
448 3287 612 3348 aduentum
627 3285 788 3368 Ptmphili.

75 3383 116 3444 ltu
133 3384 208 3465 quid
223 3384 339 3464 dicum,
362 3386 485 3445 Soirte?
508 3387 535 3445 si
549 3388 678 3464 quaeret
692 3405 757 3464 me,
780 3387 826 3445 uti

75 3505 95 3544 11
111 3483 211 3547 Meas:
233 3487 335 3546 sinon
355 3486 499 3564 quaeret,
522 3479 626 3548 nullus
641 3483 818 3630 maerimm

75 3589 125 3626 We.
