2242 3930
186 610 520 690 PROLOGVS.

73 802 102 841 m
118 785 208 863 poeta
226 786 324 845 sensit
338 787 521 866 scripturdm
536 809 618 848 suem

71 882 113 940 uis
131 882 290 942 obserudri
311 889 343 943 et
357 881 550 945 aduorstrios

74 982 106 1037 fn
123 981 263 1059 peicrcm
279 984 398 1060 ptrtem
415 1001 503 1059 quam
520 984 617 1042 acturi
634 1001 752 1042 sumus:

70 1078 109 1139 de
124 1097 193 1140 sese
207 1082 274 1159 ipse
291 1081 369 1157 erit,
391 1099 446 1139 ucs
461 1080 591 1159 indices,

71 1197 107 1237 un
123 1179 198 1237 uitio
217 1177 288 1238 ddci
305 1177 337 1237 id
352 1179 466 1240 factum
483 1184 634 1261 opdrtest.
835 1193 852 1247 5

71 1276 260 1336 hnescontes
275 1276 392 1356 Dtphili
412 1278 615 1339 comoediaste

71 1377 262 1436 mmorientis
278 1375 404 1438 Pladtus
418 1377 496 1437 fecit
509 1376 653 1440 fdbulsm.

71 1496 104 1535 ca
118 1474 298 1535 adulescens
314 1476 377 1552 est,
400 1476 451 1554 qui
465 1474 571 1535 lenoni
589 1477 683 1556 eripit

70 1593 137 1634 cem
151 1576 184 1634 in
198 1575 296 1654 prime
311 1573 431 1635 ftbula:
453 1593 521 1634 eum
539 1574 667 1636 Plautds
682 1575 783 1637 locum

71 1716 73 1728 .
88 1675 251 1752 integrum.
275 1691 344 1733 eum
358 1674 409 1732 htc
423 1672 525 1733 locum
541 1679 669 1756 sumpsit
684 1677 744 1737 sibi
820 1688 854 1741 10

71 1773 164 1852 phos,
187 1773 315 1832 uerbum
330 1770 369 1832 de
386 1775 483 1833 uerbo
499 1792 676 1854 expressum
691 1775 810 1836 extulit.

71 1892 79 1932 s
98 1873 196 1931 acturi
211 1871 313 1930 scimus
328 1890 452 1932 nouam:
474 1875 651 1954 perndscite
767 1867 769 1871 ’

71 1990 106 2031 ne
120 1971 235 2030 factum
250 1972 440 2032 existumetis
460 1976 498 2032 tn
511 1971 613 2033 locum

71 2090 143 2148 tum,
167 2072 219 2150 qui
234 2072 422 2152 praeteritus
437 2069 672 2151 neglegentiast.

71 2169 108 2229 dd
124 2171 177 2230 isti
192 2169 298 2230 dicunt
313 2167 467 2247 mdliuuli‚
489 2171 629 2231 homines
645 2167 758 2230 ndbilis
819 2180 851 2233 15

71 2271 166 2329 intare
184 2268 373 2348 adsidueque
387 2288 446 2328 una
464 2271 620 2328 scrihere:

71 2367 89 2426 u
102 2366 298 2429 maledictum
314 2370 440 2428 nemens
456 2386 525 2428 esse
541 2369 733 2446 existumant,

71 2465 146 2526 edem
163 2468 213 2527 hic
230 2467 314 2528 ducit
328 2471 512 2546 mdxumam,
535 2488 626 2548 quom
640 2465 704 2528 illts
719 2466 831 2548 placet,

70 2567 95 2625 is
110 2566 264 2626 uniuersis
279 2574 311 2628 et
325 2566 439 2648 populd
453 2568 588 2649 placent,

91 2666 186 2745 dpera
200 2666 232 2723 in
249 2665 352 2745 bello,
373 2669 406 2727 in
422 2669 501 2746 ctio,
522 2669 554 2727 in
570 2667 695 2746 negdtic
819 2675 854 2728 ut

71 2783 145 2842 sque
159 2773 300 2845 tempore
317 2766 403 2826 usust
418 2767 485 2826 sine
500 2768 653 2846 superbia.

71 2880 108 2921 ne
125 2862 296 2942 expectetis
314 2866 524 2943 tegumentum
541 2861 679 2924 fdbulae:

71 2963 100 3020 ui
115 2962 207 3041 primi
222 2962 365 3041 uenient,
388 2965 418 3022 ei
431 2969 551 3044 partem
567 2962 719 3043 tperient,

71 3059 101 3120 lo
117 3066 239 3141 partem
255 3061 430 3122 ostendent.
452 3063 546 3121 facite
563 3058 781 3140 aequtnimites

71 3258 106 3319 sd
122 3258 318 3319 scribendum
334 3262 444 3340 augeat
458 3258 647 3320 inddstrinm.
817 3261 852 3318 ἣ
