2242 3930
144 220 166 281 4
464 214 569 276 vira
604 214 832 277 rnnnnrll.

92 395 135 461 (a)
231 389 349 462 Scripsit
369 388 532 445 comoedias
550 407 616 458 sex,
634 407 670 444 ex
688 391 787 461 quibus
803 390 922 459 primam
934 391 1037 446 Andria

147 475 283 531 aedilibus
302 475 395 543 daret,
414 474 507 529 iussus
526 480 588 528 ante
602 473 719 529 Caecilio
737 473 855 528 recitare
873 472 911 526 ad
927 480 1037 529 cenant

149 561 285 627 uenisset,
305 559 395 614 dictus
406 565 450 613 est
461 558 567 612 initium
579 558 691 629 quidem
709 559 835 626 fabulae,
853 556 929 627 quod
940 566 1003 613 erat
1014 577 1037 614 cr

146 645 217 699 tlore
236 645 354 711 uestitu,
382 644 514 699 subsellio
539 643 614 696 iuxta
636 644 767 696 lectulum
790 640 920 697 residens
946 643 1037 714 legiss

118 743 134 796 5
144 744 251 799 paucos
264 745 331 783 uero
343 741 443 783 uersus
455 727 586 781 inuitatus
598 732 627 781 ut
637 726 815 782 adcumberet
826 741 945 781 cenasse
959 743 1036 795 nna,

147 818 240 868 cetera
261 811 436 882 percurrisse
460 827 516 865 non
539 811 599 866 sine
622 826 724 882 magna
747 809 858 866 Caecilii
882 808 1036 866 admiratio,

146 897 219 951 hanc
245 902 336 953 autern
361 901 388 950 et
415 896 536 967 quinque
562 895 684 966 reliquas
708 895 861 965 aequaliter
882 896 990 965 populo
1014 913 1034 967 p

147 981 281 1048 Quamuis
292 981 436 1035 Volcatius
452 979 487 1034 dc
499 979 706 1034 enumeratione
721 979 842 1033 omnium
859 979 896 1032 ita
908 980 1030 1035 scribat:

189 1063 318 1121 Sumetur
330 1081 366 1120 ex
379 1063 424 1119 his
436 1062 547 1135 Hecyra
560 1067 638 1119 sexta
650 1060 753 1118 fabula.

103 1157 136 1209 lo
145 1147 296 1204 Eunuchus
315 1148 427 1220 quidem
443 1149 485 1202 bis
507 1186 514 1200 .
535 1186 543 1201 .
565 1153 627 1202 acta
645 1154 688 1203 est
699 1147 853 1218 meruitque
865 1148 1000 1218 pretium,
1020 1166 1036 1219 q

147 1234 222 1287 nulla
233 1240 314 1288 antea
327 1233 489 1303 cuiusquam
502 1231 664 1300 comoedia,
681 1230 813 1286 uidelicet
830 1237 892 1285 octo
905 1232 981 1285 milia
993 1249 1035 1287 nu:

146 1322 295 1388 propterea
313 1331 423 1372 summa
442 1331 552 1386 quoque
569 1315 646 1371 titulo
665 1316 823 1370 ascribitur.
867 1315 938 1369 Nam
956 1316 1035 1389 Adel

65 1424 75 1453 e
146 1401 313 1471 principium
327 1401 418 1454 Varro
432 1401 514 1454 etiam
525 1402 647 1471 praefert
657 1400 795 1470 principio
807 1399 964 1454 Menandri.

230 1485 293 1538 Non
310 1486 430 1539 obscura
443 1485 517 1538 lama
529 1490 571 1539 est
583 1484 708 1539 adiutum
718 1483 877 1538 Terentium
890 1485 917 1538 in
929 1486 1035 1557 scriptit

104 1579 135 1632 15
148 1570 184 1624 lio
204 1575 230 1624 et
248 1568 398 1640 Scipione;
416 1582 532 1639 eamque
551 1569 612 1638 ipse
624 1569 716 1623 auxit:
737 1583 888 1638 numquam
900 1569 975 1624 enim
988 1571 1033 1624 nis

148 1653 272 1709 satutari
285 1658 415 1720 conatur,
427 1659 457 1707 ut
467 1653 495 1706 in
504 1653 622 1724 prologo
635 1651 844 1723 Adelphorum:

188 1737 259 1793 Nam
272 1736 346 1808 quod
359 1738 403 1792 isti
416 1736 510 1791 dicunt
521 1733 657 1803 maliuoli‚
671 1735 799 1791 homines
812 1734 912 1791 nobilis

188 1821 268 1876 Hunc
281 1819 407 1876 adiutare
419 1816 593 1891 adsidueque
606 1835 662 1875 una
674 1817 813 1876 scribere:

190 1905 272 1972 Quod
283 1902 323 1960 illi
334 1903 511 1960 maledictum
525 1903 640 1959 tremens
651 1918 711 1960 esse
722 1901 897 1972 existumant,

101 1998 137 2053 20
189 1990 259 2044 Eam
273 1988 385 2044 laudem
396 1987 443 2043 hic
456 1989 531 2044 ducit
542 1985 716 2058 maxumam,
736 2006 819 2060 quom
832 1985 886 2044 illis
898 1990 999 2059 placet,

190 2073 242 2141 Qui
254 2073 335 2128 uobis
347 2072 488 2128 uniudrsis
501 2079 528 2128 et
538 2073 641 2144 populo
653 2075 779 2145 placent:

189 2159 312 2225 Quorum
324 2156 410 2229 opera
422 2159 450 2211 in
460 2158 547 2223 bello,
561 2159 589 2211 in
601 2157 672 2225 otio,
690 2159 719 2212 in
731 2157 844 2229 negotio

189 2240 246 2296 Suo
259 2238 377 2312 quisque
389 2248 512 2312 tempore
526 2241 606 2297 risust
618 2242 678 2297 sine
691 2242 833 2313 superbia.

148 2325 264 2379 Videtur
281 2333 373 2380 autem
391 2342 422 2379 se
440 2325 530 2380 leuius
550 2324 728 2393 defendisse,
748 2326 813 2396 quia
826 2325 932 2380 sciebat
945 2324 1033 2379 Laeli<

101 2419 136 2472 25
147 2409 222 2479 pioni
241 2426 296 2462 non
314 2410 450 2481 ingratam
463 2427 527 2464 esse
543 2409 616 2464 hanc
631 2410 805 2488 opinionem:
831 2425 903 2479 quae
916 2414 1033 2464 tamenn

92 2499 135 2565 (3)
149 2510 236 2564 usque
254 2494 292 2547 ad
309 2494 464 2565 posteriora
482 2500 606 2564 tempora
623 2495 720 2549 ualuit.
761 2493 791 2549 C.
810 2493 958 2549 Memmius
978 2494 1006 2548 in
1024 2510 1033 2547 r

147 2593 197 2648 pro
209 2593 240 2631 se
253 2578 291 2630 ait
303 2579 347 2632 (Ρ.
358 2575 518 2643 Alricanirs‚
532 2579 578 2649 qui
590 2595 607 2632 a
619 2579 748 2634 Terentio
760 2594 913 2650 personam
926 2584 1032 2633 mutuat

147 2661 222 2715 domi
234 2662 339 2716 luserat
349 2662 410 2732 ipse
422 2661 534 2715 nomine
554 2663 627 2718 illius
646 2665 674 2717 in
690 2679 804 2718 scenam
819 2659 939 2716 detulit’.
972 2662 1032 2732 Nep

148 2752 205 2799 tore
221 2752 299 2800 certo
316 2745 488 2816 comperisse
507 2764 538 2801 se
556 2748 607 2815 ait,
627 2746 656 2803 C.
669 2748 794 2802 Laelium
806 2745 947 2817 quondam
959 2746 988 2799 in
998 2747 1032 2800 Pr

101 2839 137 2894 30
148 2829 273 2884 calendis
284 2829 391 2886 Martiis
403 2829 574 2886 admonitum
587 2834 620 2887 ab
633 2848 736 2898 uxore,
750 2832 900 2901 temperius
913 2836 941 2882 ut
953 2829 1032 2885 discu

147 2915 251 2984 petisse
266 2916 300 2968 ab
320 2930 354 2969 ea
365 2930 400 2968 ne
411 2913 646 2985 interpellaretur:
665 2917 756 2971 serius
769 2915 882 2970 tandem
895 2915 1032 2986 ingressui

148 3000 223 3054 nium
240 2999 347 3054 dixisse
364 3015 420 3054 non
440 3014 526 3070 saepe
545 3001 574 3054 in
597 3000 744 3056 scribendo
765 3000 856 3071 magis
880 3000 1032 3054 successise

149 3081 249 3137 deinde
262 3088 389 3155 rogatum
399 3090 428 3139 ut
440 3085 544 3155 scripta
555 3085 602 3140 illa
613 3085 749 3155 proterret
759 3085 957 3155 pronuntiasse
970 3101 1032 3138 uers

148 3173 211 3220 sunt
223 3168 250 3221 in
262 3168 587 3223 Heautontimorumeno:

101 3269 136 3327 35
191 3265 265 3322 Satis
277 3266 324 3337 pol
336 3273 466 3338 proterue
478 3265 523 3321 me'
535 3266 601 3338 Syri
613 3261 754 3337 promissa
765 3264 820 3321 huc
834 3265 1011 3321 induxe'runt.

94 3354 138 3420 (t)
150 3349 251 3408 Santra
266 3351 424 3406 Terentium
441 3350 594 3418 existimat,
616 3349 740 3406 simodo
759 3351 788 3405 in
807 3350 957 3407 scribendo
976 3351 1031 3405 adit

148 3435 312 3507 indiguerit,
335 3442 463 3491 nontam
481 3434 613 3505 Scipione
638 3441 666 3490 et
682 3435 776 3490 laelio
795 3436 834 3490 uti
851 3435 992 3501 notuisse,
1016 3451 1031 3506 q
