2242 3930
283 754 402 822 111111
420 751 524 820 uum
542 753 697 821 1111011
715 753 803 821 aaut:
823 751 910 839 arm

95 952 125 1001 V.
177 950 191 1000 1
210 949 243 999 ad
259 949 309 999 174
326 949 429 998 iambici
448 947 541 997 senarii

110 1057 123 1067 -
141 1032 191 1083 175
208 1037 232 1082 et
251 1031 300 1082 177
319 1031 422 1080 iambici
440 1030 563 1081 octonarii

110 1146 123 1156 -
142 1117 191 1168 176
209 1116 332 1166 iambicus
351 1115 524 1177 quaternarius

110 1231 123 1241 -
143 1200 193 1251 178
211 1199 300 1250 01179
318 1198 440 1248 trochaici
456 1198 595 1262 septenarii

110 1314 123 1323 -
142 1282 191 1334 180
210 1283 244 1332 ad
259 1281 309 1332 195
325 1281 428 1330 iambici
444 1281 566 1330 octonarii

112 1397 125 1406 -
144 1366 194 1418 196
212 1367 245 1415 ad
263 1363 313 1415 198
329 1364 432 1413 iambici
449 1365 544 1413 senarii

112 1481 125 1490 -
144 1449 194 1501 199
211 1449 246 1498 ad
259 1448 310 1498 214
326 1447 429 1496 iambici
446 1448 567 1496 octonarii

112 1564 125 1573 -
143 1533 194 1583 215
212 1532 246 1581 ad
264 1530 314 1581 226
332 1529 435 1578 iambici
452 1530 545 1579 senarii

112 1645 124 1654 -
143 1615 193 1665 227
212 1612 335 1662 iambicus
351 1611 493 1660 octonarius

113 1727 125 1736 -
142 1696 193 1747 228
209 1695 242 1745 ad
256 1693 307 1744 233
321 1693 443 1743 trochaici
457 1694 593 1758 septenarii

113 1809 125 1819 -
144 1780 194 1831 234
212 1780 246 1828 ad
262 1777 313 1828 239
329 1778 431 1827 iambici
447 1778 568 1827 octonarii

113 1891 125 1902 ·
143 1861 194 1912 240
209 1870 233 1911 01
252 1862 303 1910 244
321 1861 423 1910 iambici
441 1861 595 1923 quaternarii

115 1977 127 1986 -
145 1946 194 1996 241
210 1946 300 1995 01242
317 1945 438 1995 trochaici
451 1944 589 2011 septenarii

114 2059 127 2068 ·
144 2027 195 2079 243
213 2028 336 2076 iambicus
352 2027 494 2077 octonarius

115 2143 128 2152 ·
145 2113 196 2163 245
212 2119 236 2161 01
252 2112 302 2161 247
319 2111 440 2160 trochaici
456 2111 575 2160 octonarii

115 2226 127 2236 -
145 2195 196 2246 246
214 2194 356 2243 trochaicus
375 2194 481 2244 dimeter
498 2193 658 2243 catalecticus

115 2310 127 2320 -
144 2278 195 2330 248
213 2279 246 2327 ad
261 2278 309 2327 251
329 2277 450 2326 trochaici
465 2277 600 2340 septenarii

114 2393 126 2402 -
144 2363 196 2412 252
213 2360 337 2410 iambicus
356 2360 528 2421 quaternarius

114 2475 127 2485 -
144 2443 195 2494 253
211 2442 244 2492 ad
263 2443 313 2492 255
331 2441 434 2490 iambici
453 2443 572 2491 octonarii

114 2559 123 2567 ·
144 2526 196 2578 256
214 2527 247 2575 ad
260 2525 311 2575 260
326 2522 449 2572 trochaici
465 2523 603 2588 septenarii

116 2639 128 2648 -
146 2609 195 2660 261
212 2608 245 2656 ad
260 2606 311 2657 269
329 2606 432 2655 iambici
450 2607 571 2656 octonarii

116 2721 129 2732 -
146 2691 196 2741 270
210 2691 244 2739 ad
261 2688 311 2739 298
325 2689 427 2738 iambici
442 2691 535 2739 senarii

117 2805 127 2811 ··
146 2773 196 2825 299
213 2782 237 2824 01
255 2773 306 2824 300
322 2773 425 2821 iambici
441 2774 579 2838 septenarii

119 2885 128 2892 -
146 2855 194 2907 301
214 2854 410 2907 0130501307
427 2855 549 2904 trochaici
567 2856 687 2905 octonarii

115 2967 123 2978 ·
145 2938 195 2989 302
215 2944 240 2987 01
255 2937 306 2988 306
321 2944 345 2986 01
360 2936 410 2988 308
423 2939 545 2987 trochaici
559 2938 695 3003 septenarii

115 3049 127 3060 -
145 3021 195 3073 303
211 3020 301 3073 01304
320 3021 369 3072 300
387 3023 420 3071 ad
435 3021 486 3072 316
503 3022 605 3070 iambici
623 3021 743 3071 octonarii

114 3134 126 3142 -
145 3104 195 3154 317
210 3104 352 3154 trochaicus
372 3106 529 3169 septenarius
710 3093 712 3096 ’

114 3214 127 3224 -
144 3185 194 3237 318
209 3186 332 3235 iambicus
348 3187 461 3235 senarius

114 3293 128 3302 -
146 3269 196 3320 319
211 3270 244 3318 ad
259 3269 309 3320 383
325 3269 445 3318 trochaici
462 3269 600 3333 septenarii

119 3381 128 3389 -
146 3351 198 3402 384
216 3353 249 3401 ad
264 3351 314 3402 393
333 3352 434 3400 iambici
451 3351 545 3400 senarii
