2242 3930
165 260 227 322 320
555 258 761 320 ADELPHI.
975 266 1035 320 Ivi
1049 270 1102 320 la-

164 429 220 490 An.
245 427 312 489 Nil:
335 431 435 489 recte:
459 449 563 509 perge.
587 431 643 490 Mi.
660 429 688 488 ls
704 431 791 489 uenit
805 438 840 491 nt
856 451 965 492 secum
981 433 1089 492 euehat:
1117 472 1119 511 3

126 552 151 592 ω
248 527 323 586 Nam
343 527 460 587 habittt
480 527 591 588 Mileti.
626 528 682 588 Aa.
703 528 800 606 Hem,
833 532 991 609 uirginem
1011 538 1043 591 ut
1060 551 1080 590 s*
1098 555 1112 579 “³

612 627 747 688 anelanti

165 727 223 787 Mi.
251 727 301 787 Sic
323 728 379 786 est.
409 726 465 785 Aa.
487 724 631 785 Miletum
652 744 749 804 usqne
771 727 926 787 obsecro?
954 729 1013 790 Mi.
1032 729 1076 789 lta
1101 754 1105 780 ε

616 826 727 886 Animo
748 823 867 887 malent.

250 926 330 1007 Quid
351 925 459 1004 ipsae?
482 923 556 1004 qnid
578 925 684 983 aiunt‘.²
706 925 763 988 Μι.
780 923 862 1001 Quid
882 925 955 986 illas
977 927 1092 986 censori

618 1025 709 1084 enim.

250 1125 429 1185 Commenta
451 1129 548 1183 mater
571 1124 635 1200 est,
658 1140 727 1182 esse
749 1141 785 1182 ex
807 1120 867 1181 alid
890 1123 961 1182 uiro

250 1222 359 1281 Nescio
377 1242 435 1301 qno
451 1240 579 1301 puerum
594 1223 714 1281 natum:
736 1237 844 1300 neque
855 1239 926 1280 eum
942 1223 1084 1282 ndminat:

127 1344 152 1384 aa
249 1323 389 1383 Pridrem
404 1341 473 1383 esse
489 1320 593 1400 illum,
615 1325 678 1382 ndn
691 1327 837 1399 oportere
853 1321 926 1380 hnic
943 1320 1021 1382 dari.

165 1422 222 1482 An.
250 1421 332 1498 Eho,
354 1423 456 1480 nonne
471 1420 547 1479 haec
561 1420 640 1478 iusta
656 1418 712 1479 tihi
727 1416 874 1478 uidentur
889 1421 1022 1498 postea?

166 1520 222 1580 Μι.
251 1520 327 1579 Non.
343 1520 400 1579 Aa.
410 1503 547 1578 Obsecro
562 1518 646 1577 non?
662 1521 699 1576 dn
715 1515 797 1576 illam
812 1516 885 1576 hinc
900 1517 1041 1595 abducet,
1053 1537 1086 1598 pe

167 1620 223 1680 lili.
253 1618 333 1695 Quid
346 1618 428 1680 illam
443 1621 475 1677 ni
491 1616 643 1678 abducat?
665 1617 721 1675 Aa.
734 1615 862 1675 Factum
878 1637 896 1676 a
912 1619 1003 1679 uobis
1018 1612 1119 1676 diriter*

250 1717 589 1797 Inmisericorditerque
605 1724 696 1796 atque
711 1716 820 1792 etiam,
842 1717 870 1776 si
893 1717 960 1795 est,
981 1724 1073 1797 pater,

127 1829 152 1871 oo
250 1815 417 1876 Dicendum
432 1818 526 1894 magis
544 1817 668 1896 aperte,
688 1812 905 1876 inliberaliter.

166 1919 223 1979 Μι.
251 1918 346 1994 Quam
362 1915 490 1975 obrem?
512 1915 568 1974 Aa.
584 1916 683 1993 Rogas
698 1915 769 1973 me‘l
792 1911 865 1992 quid
886 1913 935 1974 illi
957 1914 1074 1974 tandem
1088 1908 1119 1971 erl

615 2012 687 2072 ditis
1101 2014 1119 2072 a

249 2115 331 2174 Fore
346 2115 438 2173 animi
451 2115 581 2190 misero,
604 2114 656 2191 qni
673 2112 726 2171 illa
741 2115 903 2172 consueuit
917 2114 1028 2192 prior?

251 2214 309 2290 Qui
324 2211 432 2271 infelix
447 2212 571 2272 hauscio
590 2213 627 2269 an
642 2210 726 2271 illam
741 2214 854 2271 misere
870 2213 954 2271 minc
971 2218 1056 2289 amat,

1087 1376 1119 1591 ΞΑ-

250 2316 347 2389 Quom
363 2315 441 2372 hanc
456 2314 514 2372 sibi
532 2311 651 2371 uidebit
667 2316 814 2392 prac'sens
830 2321 1030 2393 praesentem
1047 2307 1113 2388 eripi,

128 2432 153 2472 er
251 2412 371 2472 Abdoci
387 2415 423 2472 ab
440 2411 556 2471 oculis?
577 2413 696 2470 facinus
712 2410 889 2489 indigum,
911 2417 1012 2491 pater.

166 2513 223 2572 Mi.
255 2513 319 2586 Qua
334 2512 454 2570 ratione
470 2511 571 2569 istnc?
595 2512 661 2587 quis
677 2508 864 2588 despondit?
888 2512 958 2588 quis
975 2507 1074 2570 dediti

251 2612 328 2685 Quoi
345 2609 464 2686 quondo
480 2610 606 2689 nupsit‘.²
630 2612 737 2669 aiictor
751 2609 799 2667 his
814 2609 910 2667 rebus
926 2610 997 2686 quis
1016 2605 1076 2667 esti

251 2710 335 2783 Quor
350 2705 436 2766 drixit
452 2705 604 2765 alienam?
626 2707 682 2766 Aa.
700 2690 748 2766 dn
764 2706 876 2767 sedere
894 2709 1033 2786 oportuit
1093 2782 1096 2787 .

249 2808 337 2866 Domi
352 2807 501 2884 uirginem
517 2812 576 2863 tam
592 2805 754 2885 grandem,
774 2806 845 2865 dnm
860 2808 1009 2883 cognatus
1024 2805 1084 2863 hine

128 2922 152 2965 to
249 2906 338 2966 lllinc
353 2906 475 2964 ueniret
493 2904 728 2983 expectantem?
750 2908 842 2983 haec,
864 2908 907 2963 mi
921 2912 1021 2984 pater,

250 3005 298 3065 Te
313 3004 417 3064 dicere
434 3023 561 3082 aequom
579 3004 639 3063 fnit
656 3012 688 3063 et
701 3004 735 3063 id
751 3002 933 3063 defendere.
1117 3080 1119 3085 Α

166 3105 221 3165 Μι.
249 3103 438 3163 Ridiculum:
462 3102 666 3162 aduorsnmne
681 3101 766 3161 illum
782 3121 903 3161 causam
919 3100 1062 3178 dicerem,

252 3204 328 3281 Quoi
344 3206 488 3263 ueneram
503 3203 691 3263 aduocatos?
713 3199 768 3259 sed
784 3199 857 3279 quid
871 3201 949 3278 ista,
973 3197 1108 3265 Aeschine,

250 3302 382 3360 Nostra?
398 3303 450 3361 adt
463 3302 536 3380 quid
551 3303 640 3360 nobis
654 3320 721 3359 cum
737 3297 820 3358 illis‘.²
836 3301 991 3359 abeamus.
1010 3294 1072 3377 quid
1088 3308 1112 3341 Ἀ

129 3415 152 3452 aa
252 3398 330 3472 Quid
352 3399 524 3459 lacrumas?
553 3401 608 3460 Aa.
625 3399 734 3473 Pater,
762 3398 909 3475 obsecro,
938 3394 1072 3456 ausculta.
1098 3415 1106 3435 Η

622 3497 794 3571 Aeschine„
812 3496 915 3557 audiui
931 3499 1028 3557 omnia
