2242 3930
259 839 459 933 Attis
511 839 551 932 i.

237 1044 429 1103 Gnrnnss.
471 1041 575 1102 Sino.

87 1199 149 1257 iam
172 1197 262 1272 satis,
292 1194 391 1272 Simo,
420 1199 556 1274 spectata
582 1197 654 1272 ergi
681 1201 714 1255 te
743 1197 904 1257 amicitiist
918 1204 964 1254 Vl

357 1311 439 1352 mea:
853 1303 905 1358 820

88 1391 202 1475 pericli
222 1393 325 1472 incepi
348 1391 449 1451 adire:
471 1390 579 1453 orandi
598 1394 658 1452 iam
678 1393 770 1452 finem
791 1394 867 1454 face.
989 1385 990 1388 ¹

83 1492 194 1554 studeo
217 1494 346 1569 obsequi
366 1493 441 1569 tibi,
462 1511 560 1572 poene
581 1490 675 1552 inlisi
695 1493 788 1552 uitam
809 1492 902 1552 filiae.

75 1617 80 1650 ι
103 1594 184 1654 enim
204 1612 285 1652 nuno
308 1609 396 1671 quom
411 1595 548 1650 mtxume
564 1593 616 1650 abs
631 1598 663 1650 te
676 1587 797 1671 postnlo
814 1599 904 1669 atque

355 1694 425 1768 oro,
447 1690 605 1767 Chremes,

75 1791 243 1851 eneficium
269 1790 373 1850 uerbis
400 1791 510 1849 initum
531 1788 644 1849 dodum
665 1809 746 1850 nunc
767 1811 803 1851 re
825 1794 937 1856 com-s

347 1889 469 1966 probes.

95 2005 182 2063 quarn
202 1986 322 2062 iniquos
342 1987 383 2045 sis
402 2005 478 2065 prae
499 1986 616 2046 studio:
639 1986 710 2046 dirm
734 1987 766 2046 id
789 1989 906 2050 efficias

228 2161 231 2165 ,
359 2083 440 2161 quod
462 2085 557 2163 cupis,
855 2096 906 2150 825

75 2202 98 2243 e
120 2182 240 2243 modum
262 2183 458 2261 benignitatis
478 2183 581 2260 neque
604 2182 677 2261 quid
695 2202 744 2242 me
764 2202 834 2243 ores
854 2188 905 2245 oo-

355 2281 446 2358 gitas:

86 2382 112 2439 si
134 2379 266 2457 cogites,
288 2379 426 2438 remittas
448 2380 508 2437 itm
528 2397 577 2437 me
596 2397 726 2440 onerare
746 2382 877 2442 iniririis.

75 2478 131 2537 us?
151 2478 208 2538 Gn.
231 2479 273 2537 At
292 2478 428 2555 rogitas?
454 2475 617 2557 perpulisti
640 2498 705 2557 me,
734 2480 767 2539 tt
788 2480 903 2541 homini

351 2573 581 2635 adulescentulo

76 2675 105 2733 io
128 2677 274 2753 oocuptto
296 2691 415 2750 amore,
438 2674 616 2732 abhorrenti
637 2675 673 2732 ab
693 2694 729 2735 re
749 2677 864 2754 uxorio,
925 2706 949 2749 to

75 2793 101 2831 m
128 2779 162 2830 ut
186 2759 291 2832 darern
318 2776 350 2831 in
379 2771 562 2831 seditionem
589 2776 681 2851 ttque
707 2775 740 2832 in
772 2775 906 2834 incertas

352 2872 485 2949 niiptias,
855 2882 909 2936 830
1009 2903 1013 2909 ·

89 2965 197 3030 labore
224 2975 315 3049 atque
342 2973 407 3029 eius
435 2968 545 3029 dolore
566 2974 657 3048 gntto
680 2977 714 3031 ut
736 2970 906 3032 medicarer

353 3075 422 3127 tuo:

75 3167 171 3225 trosti:
193 3168 312 3247 incepi,
333 3166 403 3226 dnm
424 3186 475 3226 res
497 3166 613 3226 tetulit.
647 3185 728 3226 nunc
743 3186 805 3225 non
826 3167 905 3228 fert:

358 3265 451 3327 feras.

75 3387 78 3421 ι
104 3363 176 3422 hino
204 3365 300 3423 ciuem
318 3353 396 3424 'esse
424 3365 522 3423 tiunt:
550 3381 628 3443 puer
650 3366 698 3422 est
717 3365 823 3421 nitus:
850 3382 906 3424 nos

360 3463 468 3522 missos
489 3461 568 3522 face.

75 3566 115 3606 vs.
684 3547 705 3605 4
