2242 3930
266 1000 385 1071 miii
403 995 507 1065 iiiia
525 991 680 1062 rinnai
697 991 785 1091 iiic
806 987 892 1055 sior

86 1252 118 1299 V.
173 1243 240 1295 lad
258 1240 308 1292 200
325 1237 428 1288 iambici
446 1234 539 1284 senarii

96 1359 111 1376 .
143 1328 193 1380 207
211 1323 356 1377 trochaicus
374 1316 517 1370 octonarius

144 1410 196 1462 208
213 1407 357 1458 trochaicus
376 1399 533 1467 septenarius

96 1523 109 1536 ·
144 1492 195 1545 200
214 1490 337 1540 iambicus
354 1492 528 1548 quaternarios

97 1606 111 1618 ·
145 1574 195 1626 210
213 1581 238 1622 ct
251 1571 300 1621 211
315 1567 438 1618 trochaici
455 1570 594 1630 septenam

96 1689 108 1702 ·
144 1659 196 1708 212
211 1653 336 1704 iambicus
356 1648 499 1699 octonarius

98 1769 111 1782 ·
146 1738 197 1791 213
216 1745 240 1787 et
257 1737 307 1786 215
327 1732 429 1784 iambici
442 1725 594 1794 quaternarii

99 1851 112 1864 ·
147 1822 198 1873 214
216 1827 241 1871 at
257 1818 309 1870 218
324 1815 445 1868 trochaici
465 1808 600 1878 septenarii

98 1933 112 1946 ·
146 1903 198 1956 216
216 1909 241 1953 et
255 1901 305 1952 217
323 1897 444 1948 trochaici
460 1890 583 1944 octonarii

101 2017 114 2030 ·
148 1987 199 2039 219
218 1987 251 2036 ad
268 1983 318 2036 223
336 1980 439 2032 iambici
454 1976 578 2030 octonarii

100 2099 113 2111 ·
148 2073 200 2122 224
218 2071 251 2120 ad
267 2070 319 2119 254
336 2064 457 2116 trochaici
475 2057 610 2127 septenarii

100 2183 114 2194 ·
151 2155 202 2204 255
219 2153 252 2203 ad
271 2150 320 2201 291
339 2148 442 2200 iambici
461 2141 598 2211 septenarii

103 2263 116 2275 -
150 2233 201 2285 292
217 2233 331 2282 clausula

102 2345 116 2357 ·
151 2316 202 2368 293
220 2316 254 2365 ad
270 2313 320 2366 297
335 2311 438 2362 iambici
457 2319 577 2362 octonarii

102 2427 115 2440 ·
150 2398 202 2450 298
219 2399 361 2448 trochaicus
378 2395 536 2462 septenarius

104 2512 116 2524 -
152 2481 203 2534 299
219 2490 243 2531 et
261 2481 310 2531 301
330 2480 432 2530 iambici
450 2475 602 2540 quaternarii

107 2594 120 2607 ·
155 2565 206 2617 300
224 2563 346 2612 iambicus
363 2562 478 2610 senarius

106 2677 119 2690 ·
155 2647 206 2699 302
223 2653 247 2695 et
261 2642 312 2694 303
330 2643 432 2692 iambici
450 2642 571 2691 octonarii

107 2760 119 2774 ·
155 2731 206 2782 304
223 2726 366 2777 trochaicus
385 2726 527 2776 octonarius

104 2842 118 2858 ·
153 2813 204 2866 305
221 2810 365 2861 trochaicus
382 2809 542 2874 septenarius

107 2925 119 2940 ·
153 2896 204 2948 300
220 2894 344 2945 iambicus
360 2890 534 2954 quaternarius

106 2980 129 3020 ·'
153 2979 204 3031 307
223 2978 256 3027 ad
274 2975 324 3025 310
342 2974 446 3024 iambici
464 2970 586 3022 octonarii

107 3092 120 3102 -
155 3063 206 3114 320
221 3061 345 3111 iambicus
362 3058 476 3108 senarius

108 3174 119 3184 -
155 3145 205 3197 321
225 3154 249 3194 et
267 3143 317 3193 322
334 3142 436 3192 iambici
455 3139 592 3207 septenarii

109 3259 122 3270 ·
156 3229 208 3281 323
222 3229 254 3278 ad
272 3223 320 3277 351
341 3227 443 3276 iambici
457 3224 551 3274 senarii

156 3312 206 3364 352
224 3311 254 3361 ad
274 3310 326 3360 atio
346 3310 468 3361 trochaici
487 3306 622 3373 septenarii
