2242 3930
565 228 769 290 ANDRIA.
1008 231 1113 282 ivol-

422 400 553 460 Curuo.
596 400 729 459 Musis.
773 399 911 461 Dauos.

63 551 66 557 ’
100 567 158 618 ivo
172 553 227 614 (hi.
254 553 288 611 ln
308 553 366 612 hec
387 553 541 611 habitasse
562 548 665 630 plaitea
687 550 831 610 dictumst
852 551 1051 631 Chry'sidem,

254 652 338 727 Quae
359 652 428 710 sese
449 652 614 710 inhoneste
631 651 750 729 opterit
767 668 878 728 parere
900 651 951 709 hic
974 649 1069 710 ditias

252 750 360 808 Potiiis
382 768 471 826 quam
491 750 525 807 in
545 748 647 827 patria
668 747 798 805 honeste
819 765 936 826 pauper
957 750 1099 807 uiueret:

252 848 326 906 Eius
347 850 448 905 mertc
469 864 505 905 ca
527 844 565 903 ad
586 863 634 903 me
655 843 725 920 lege
747 843 909 904 redicrent
931 847 1020 908 bona.

44 1018 47 1025 Ι
141 961 154 1005 o
255 944 319 1004 Sed
342 947 416 1022 ques
437 949 604 1024 perconter
625 940 727 999 uideo.
763 940 892 1000 saluete.
929 943 994 1002 Mn.
1027 928 1113 1003 Obso

256 1047 353 1121 Quem
374 1043 487 1103 uideo?
510 1050 597 1101 estne
620 1041 671 1099 hic
694 1041 782 1101 Critd
804 1043 945 1101 sobrinus
968 1042 1113 1124 chrysiui

178 1148 180 1153 ’
253 1144 361 1204 Isest.
394 1144 448 1203 Gn.
472 1142 629 1220 OMysis,
651 1138 748 1200 selue.
779 1140 843 1199 Mu.
866 1139 975 1200 Saluos
992 1146 1055 1220 sis,
1079 1144 1113 1203 (h

170 1245 225 1306 Gn.
253 1244 319 1304 ltan
341 1243 493 1322 Chrysis?
518 1242 598 1301 hem.
630 1240 695 1300 Mu.
724 1238 787 1298 Νοι
816 1240 938 1318 quidem
965 1241 1019 1321 pol
1048 1245 1113 1302 mist

623 1338 771 1420 perdidit.

172 1443 226 1504 Gn.
256 1441 337 1518 Quid
352 1440 429 1500 nes?
452 1459 510 1518 quo
525 1446 614 1519 pacto
630 1439 703 1497 hic?
722 1440 820 1497 setino
836 1439 947 1498 recte?
969 1439 1037 1499 Mu.
1053 1440 1113 1500 Nos

625 1556 668 1595 sic

129 1661 155 1705 ιο
257 1637 299 1698 Vt
321 1638 455 1714 quimus,
480 1636 580 1712 aiunt,
609 1633 729 1712 quendo
748 1641 782 1693 ut
803 1633 942 1695 uolumus
963 1639 1027 1696 nen
1049 1636 1113 1697 licei

171 1736 226 1794 Cn.
254 1731 333 1809 Quid
356 1730 557 1810 Glycerium?
577 1733 637 1791 iam
657 1732 709 1791 hic
730 1736 800 1792 sues
822 1736 960 1812 parentis
991 1735 1113 1815 repperi

169 1832 233 1893 Mr.
254 1831 387 1893 Vtinam.
425 1830 479 1889 Gn.
510 1813 559 1889 dn
584 1849 647 1888 non
676 1828 884 1890 dometium?
912 1831 995 1891 haud
1017 1835 1113 1914 aiispiu

618 1928 679 1987 huc
701 1947 750 1987 me
773 1926 878 1987 uituli:

256 2027 332 2086 Nam
359 2023 429 2107 pol,
454 2027 481 2084 si
507 2024 540 2084 id
558 2028 699 2104 scissem,
727 2027 890 2104 nimquam
916 2025 977 2084 huc
1003 2026 1113 2088 tetulis

623 2126 750 2206 pedem:

256 2225 386 2306 Semper
408 2227 490 2284 enim
513 2223 624 2284 dictast
640 2224 708 2284 esse
722 2227 798 2285 haec
815 2232 906 2306 atque
921 2227 1060 2285 habitent
1072 2246 1113 2286 soi

258 2324 342 2400 Quae
363 2321 448 2381 illius
467 2323 607 2398 fuerunt,
630 2322 785 2400 pessidet:
806 2343 887 2383 nunc
909 2342 957 2384 me
979 2325 1113 2404 hespitei

256 2421 334 2481 Litis
347 2421 456 2500 sequi,
480 2440 567 2499 quam
587 2419 620 2479 id
641 2422 716 2480 mihi
738 2423 778 2482 sit
795 2421 888 2482 facile
903 2431 997 2501 atque
1013 2422 1104 2502 ritile,

256 2519 396 2579 Alienum
418 2515 557 2597 exempla
579 2521 788 2578 cdmmonent:
811 2518 901 2579 simul
922 2521 1072 2599 erbitror,

254 2619 316 2677 lam
332 2615 463 2695 aliquem
478 2617 546 2675 esse
562 2617 689 2674 amicum
704 2624 736 2676 et
751 2616 947 2678 defensorem
962 2618 1008 2677 ei:
1024 2624 1113 2680 nemi

256 2712 442 2774 Grandicula
462 2715 522 2774 iam
542 2715 713 2794 profectost
729 2714 827 2775 illinc.
861 2715 1019 2776 cldmitent

129 2830 155 2872 ao
255 2814 310 2873 Me
332 2813 565 2892 sycophantam,
587 2811 793 2873 hereditatem
815 2815 959 2894 persequi

253 2911 446 2973 Mendicum:
469 2918 532 2970 tum
553 2913 649 2991 ipsam
672 2912 846 2993 despoliare
864 2915 926 2972 ndu
944 2913 1043 2975 lubet.

171 3012 236 3073 Mu.
259 3010 285 3070 0
307 3010 430 3089 dptumc
449 3008 579 3089 hospes,
601 3009 654 3088 pol
677 3011 764 3070 Crito
788 3012 944 3090 antiquom
965 3013 1100 3074 ebtines.

172 3108 227 3167 (ln.
253 3108 318 3166 Duc
340 3125 388 3165 me
409 3104 448 3164 ed
465 3125 547 3184 cam,
571 3107 690 3186 quando
712 3109 772 3167 huc
792 3109 882 3186 ueni,
906 3113 939 3167 ut
953 3107 1113 3169 uideam}

618 3205 770 3263 Menum.

171 3284 226 3363 lia:
255 3302 373 3382 Sequar
394 3302 465 3362 hes:
487 3321 536 3363 mc
558 3301 630 3362 nolo
653 3305 685 3360 in
706 3305 848 3384 tempore
868 3305 927 3363 hoc
948 3303 1057 3366 uidedt
1072 3324 1113 3366 sci

572 3444 761 3455 ..ι-*η-
