2242 3930
158 221 219 285 170
402 220 588 282 flnuvnon
611 220 901 281 Tlnonvnnnos.
992 228 1036 280 Vl
1051 229 1082 283 3⁰

118 423 143 464 ee
241 405 310 464 Hire
331 411 379 463 eut
401 405 483 463 iutro
505 403 585 462 litus
609 401 725 482 lectus',
749 405 946 464 uestimentis
970 410 1082 467 stritus

156 505 214 565 Gn
243 501 323 579 Quid
345 512 506 582 postquem
524 504 647 562 honest
665 502 803 561 fectum
824 500 890 562 Mn.
907 501 1037 563 Dictum
1051 505 1079 564 fe

610 600 670 659 hue
692 601 767 661 abiit
785 598 938 681 Clitipho.
1110 610 1113 673 i

156 700 213 760 Gn
239 696 351 760 sulus?
377 698 442 760 Mn.
460 696 559 757 Selun
590 698 648 758 Cn.
665 698 782 757 Timeo.
810 698 875 759 Mn
897 699 1034 761 Beeehin
1057 682 1113 801 ei*

611 801 710 856 cutest
732 795 814 856 ssieo.

155 896 213 957 Cn
243 895 336 957 Sela?
364 897 429 957 Mn.
451 893 532 956 Sola.
561 895 619 955 (in
638 893 733 953 Perii
767 895 830 954 Mn.
853 895 915 956 Vbi
939 898 1049 958 abiere
1069 901 1113 961 ini

609 1009 762 1072 operuere
778 993 897 1051 eutium.
923 993 985 1055 Gn.
1000 996 1091 1073 Hem,

239 1089 339 1152 Clinia
356 1093 433 1152 heee
447 1092 516 1152 fieri
531 1088 678 1150 uidebat?
703 1089 767 1150 Mn.
784 1088 865 1164 Quid
885 1091 944 1151 ni?
968 1112 1113 1157 meeumu

609 1185 709 1246 simul.

114 1303 139 1344 n
154 1286 211 1346 Gn.
237 1285 330 1345 Filist
352 1286 447 1344 amice
468 1285 613 1344 Bieehis:
635 1285 833 1366 Menedeme,
856 1286 970 1347 decidi.

153 1383 216 1443 Mn.
238 1383 332 1459 Quem
350 1383 478 1443 obrem?
501 1383 559 1443 Gn.
574 1383 688 1444 Decem
706 1383 824 1444 dierum
841 1387 892 1444 uix
907 1386 1020 1446 mihist
1036 1382 1113 1455 fimi

152 1481 216 1546 Mn.
236 1479 339 1558 Quid?
352 1483 433 1542 istie
444 1483 533 1542 timer
547 1479 627 1559 quud
639 1479 696 1541 ille
708 1484 832 1561 eperum
845 1483 943 1543 emico
954 1481 1009 1544 dit
1022 1485 1113 1551 euni!

153 1580 209 1641 Gn.
239 1580 331 1640 imme
352 1578 434 1658 quod
454 1581 576 1640 emieee.
598 1579 663 1640 Mn.
679 1578 712 1638 Si
734 1577 794 1640 det.
825 1580 882 1641 Gn.
903 1581 955 1640 Au
980 1581 1103 1643 dubium

606 1677 716 1737 tibist?

237 1778 465 1854 Quemquimne
481 1783 542 1835 tem
558 1776 636 1835 comi
652 1776 751 1834 inimo
767 1794 835 1835 esse
851 1775 986 1837 autleni
1002 1787 1102 1859 putes,

113 1879 138 1919 ⁴⁰
236 1874 295 1949 Qui
317 1875 351 1934 ιό
370 1871 498 1933 uidente
521 1877 648 1934 emicem
669 1874 804 1953 patiatur
824 1875 931 1933 suem?

152 1971 216 2032 Mn.
238 1969 318 2047 Quid
340 1973 392 2032 ni?
415 1992 475 2050 que
499 1974 594 2032 uerba
614 1969 735 2032 Meilius
757 1969 870 2031 dentur
888 1971 976 2031 mihi.

152 2069 208 2130 Gn.
236 2068 367 2129 Derides
387 2071 509 2129 merito.
532 2071 607 2129 milri
625 2088 706 2128 nunc
728 2087 784 2147 ego
806 2069 990 2129 suseenneo:
1105 2082 1113 2134 ς

236 2169 318 2243 Quot
337 2169 388 2228 res
407 2166 534 2245 dedere,
557 2168 609 2226 ubi
627 2169 750 2246 piarem
770 2168 1014 2246 persentiscere,

233 2265 271 2325 Ni
294 2265 392 2324 essem
412 2263 504 2344 lapis!
529 2284 606 2344 quae
627 2265 705 2325 uidi!
728 2285 785 2327 uee
806 2267 919 2327 miseri
941 2269 1031 2331 mihi.

234 2365 276 2421 At
297 2364 337 2421 ne
357 2360 435 2422 illud
453 2360 535 2421 haud
556 2362 697 2443 inriltum,
718 2367 744 2424 ei
765 2365 847 2442 uiuri,
869 2365 993 2425 ferent:

233 2461 309 2519 Nam
327 2462 418 2520 iim..
440 2462 503 2521 Mn.
519 2461 588 2520 Nou
603 2471 637 2520 tu
654 2471 686 2522 te
704 2464 852 2523 edhibee?
874 2481 936 2522 uon
952 2471 986 2523 te
1001 2468 1113 2547 respici

232 2559 300 2619 Non
331 2560 387 2618 tibi
418 2578 474 2637 ego
505 2559 637 2640 exempli
664 2562 737 2621 setin
763 2562 850 2620 sum?
895 2561 953 2622 Gn.
984 2562 1066 2624 Prae
1091 2566 1113 2623 ir

604 2658 724 2738 eiiudia,
1098 2671 1113 2724 i

233 2754 429 2833 Menedeme‚
445 2775 506 2815 uon
519 2776 584 2816 sum
596 2756 677 2837 epid
689 2777 747 2817 me.
770 2760 834 2818 Mn.
846 2758 935 2817 Tene
952 2758 1037 2818 istrie
1053 2759 1113 2838 loqu

231 2856 340 2916 Nonne
361 2854 394 2914 id
413 2856 601 2934 flagitiumst,
623 2863 656 2916 te
678 2855 745 2918 eliis
767 2855 929 2920 eonsilium
952 2856 1042 2937 dere,

111 2968 135 3008 eo
232 2955 322 3015 Foris
343 2957 461 3034 ripere,
484 2957 542 3015 tibi
564 2976 624 3016 uon
645 2958 726 3036 pitis
749 2976 816 3018 esse
839 2955 1040 3017 emiliirieri

149 3053 206 3113 Gn.
230 3051 309 3128 Quid
327 3053 459 3112 ficiam?
483 3052 546 3113 Mn.
560 3051 594 3113 ld
613 3053 696 3132 quod
713 3073 761 3114 me
776 3055 889 3114 ie'eisee
907 3055 1011 3114 eiebis
1033 3066 1113 3134 perun

231 3150 293 3209 Fae
313 3151 346 3209 te
367 3157 486 3229 patrem
510 3168 578 3210 esse
601 3151 732 3210 se'utiat:
754 3152 803 3210 fae
824 3158 859 3210 ut
878 3149 992 3209 uideat
1089 3152 1113 3231 ii

233 3249 304 3306 Tibi
327 3247 457 3307 credere
477 3251 588 3324 omniu,
610 3250 663 3308 ebs
684 3256 716 3307 te
737 3256 847 3329 petere
869 3256 901 3308 et
923 3252 1067 3328 piseere:
1111 3234 1113 3241 ¹

229 3346 367 3424 Nequam
389 3345 477 3406 iliam
498 3353 625 3425 quaerut
646 3349 763 3426 cupiam
786 3368 821 3407 ee
840 3354 873 3407 te
894 3346 1027 3407 deserat.

110 3457 133 3496 ιδ
147 3443 204 3503 Gn.
228 3443 320 3503 lmme
342 3445 431 3503 ibent
448 3447 551 3525 potius
568 3443 647 3504 milo
671 3447 778 3523 quouis
800 3447 947 3523 gentium,
