2242 3930
139 806 262 866 Fundis
287 802 470 864 Terentianis
484 810 632 880 moenisi
649 813 738 870 dmm
754 814 859 885 poitae
880 827 900 870 a
919 812 950 870 6.
977 812 1052 870 Sue·

20 912 25 993 t
55 909 132 966 tonso
163 905 375 978 conscriptam,
406 901 485 964 Aelii
507 905 618 966 amon
643 925 736 984 opera
763 909 849 969 boda
874 913 1054 984 superstitem

20 1022 26 1057 ·.
55 1010 81 1062 et
99 1001 303 1061 additamento
323 1004 449 1059 auctoru.
472 1004 503 1060 in
524 1019 584 1076 qua
603 1006 791 1066 emendanda
802 1013 926 1082 matur
944 1008 979 1064 F.
993 1007 1051 1066 Ou-

56 1100 216 1174 dendorpii
240 1107 267 1159 et
287 1100 323 1158 F.
340 1097 375 1156 Α.
401 1099 499 1171 Wolfii
522 1116 613 1161 carus
640 1117 698 1162 non
724 1105 788 1162 sine
808 1103 913 1176 senatu
934 1103 1055 1162 adhibui

17 1252 21 1297 Ι
55 1201 167 1273 aliquot
190 1198 332 1258 editiones
359 1203 482 1269 ueteres,
511 1213 637 1271 quamn
656 1201 828 1262 bibliotheca
852 1203 937 1275 reaia
959 1200 1054 1259 Dres-

13 1310 21 1381 Ι·
57 1298 154 1355 dena's
175 1296 248 1356 midi
262 1299 378 1370 copiam
394 1295 487 1368 fecit:
507 1296 618 1355 Donati
635 1299 694 1358 tooi
711 1304 741 1356 et
760 1301 835 1357 unni
854 1303 924 1360 noto
944 1313 1054 1359 saren-

10 1388 17 1477 ξ
58 1400 111 1451 am
144 1393 384 1464 (Menteiianarn,
417 1393 457 1453 de
487 1409 548 1467 qua
571 1391 623 1464 of.
647 1393 750 1454 Eberti
782 1399 841 1456 ten.
871 1395 1004 1468 bebtioor.
1030 1410 1054 1452 s.

10 1504 15 1553 Ι
57 1507 83 1549 n.
103 1488 214 1562 6333),
250 1489 379 1550 Terentii
403 1491 526 1550 Venetus
557 1507 703 1550 annorum
728 1492 948 1552 MCCCOLXX
951 1490 1053 1563 VIIII,

56 1586 320 1659 Mooooaffl,
341 1586 640 1661 Mooooifflal,
661 1606 789 1664 quarum
804 1605 974 1651 consensum
989 1591 1054 1662 sio-

13 1718 19 1771 1
57 1687 127 1744 naoi
145 1688 244 1745 littera
266 1703 291 1744 e.
313 1683 399 1756 infra
412 1686 504 1760 posui
522 1702 570 1745 eos
589 1688 728 1747 locosabi
744 1689 782 1747 ab
802 1688 970 1762 exemplari
992 1685 1054 1744 Ou-

16 1778 21 1831 ἱ
57 1783 261 1859 ᾱεηᾱονρίαηο
281 1785 392 1842 recessi
408 1790 438 1843 et
455 1785 518 1842 alia
539 1785 687 1859 qwedam
703 1786 802 1845 adusi
820 1800 897 1859 quae
918 1783 961 1842 ad
976 1788 1055 1842 recte

54 1880 248 1940 iudicandum
271 1881 309 1939 de
328 1880 416 1939 baius
435 1881 512 1940 uitae
532 1880 627 1942 uerbis
641 1885 793 1957 pertinen
814 1883 991 1943 uderaetur.

139 1979 173 2038 Ρ.
190 1976 208 2036 3
223 1994 249 2036 o.
265 1977 284 2036 2
306 1973 343 2036 P.
359 1971 513 2036 Terentio
528 1972 660 2038 Lucano
688 1995 728 2039 eu
751 1967 982 2052 ‘manuscripto’
997 1978 1035 2036 Pi

54 2080 140 2151 anius
162 2094 233 2136 ann.
251 2077 291 2138 II
304 2094 338 2152 p.
357 2075 433 2149 347,
458 2077 614 2152 probatum
635 2078 751 2139 Osanna
772 2083 854 2139 anal.
875 2082 941 2138 erit.
953 2094 988 2151 p.
1004 2075 1053 2152 21,

15 2170 22 2241 Β
59 2178 108 2236 scd
134 2195 161 2235 o.
192 2175 245 2235 Tb.
269 2176 445 2236 Mommseui
474 2177 541 2237 bist.
568 2177 652 2238 Rom.
679 2178 701 2239 I
725 2195 758 2253 p.
786 2176 843 2237 861
871 2176 917 2237 ed.
946 2178 998 2234 att.
1023 2177 1054 2234 in

14 2244 20 2321 Ι
59 2275 127 2333 adn.
233 2274 251 2332 7
279 2270 399 2334 adduci
425 2269 561 2334 Romam
587 2271 697 2357 ibique
724 2273 857 2335 uaenire
883 2276 991 2348 scribsi
1015 2289 1055 2332 ex

14 2326 20 2455 J
58 2371 256 2431 emendatione
275 2372 416 2434 Ladona·
434 2370 593 2450 Sinopeus,
622 2378 674 2449 qui
698 2377 772 2450 quid
796 2378 859 2450 ipse
884 2376 921 2435 de
945 2376 1055 2446 aliquot

57 2470 141 2528 buius
162 2471 238 2530 uitae
258 2472 330 2530 locis
350 2473 469 2532 seruiret
486 2475 664 2547 perdomitor
677 2474 750 2533 mibi
759 2490 818 2547 per
831 2475 944 2533 litteras
957 2472 1053 2543 doni-

13 2640 17 2647 ·
54 2569 166 2640 ficaoit,
187 2569 231 2628 ad
250 2569 329 2628 nureo
347 2572 442 2628 iocum
461 2570 508 2629 bis
524 2569 635 2630 adddis
651 2557 711 2630 ‘Itu
726 2573 787 2644 teoi
801 2571 919 2640 suadet,
942 2575 974 2626 ut
991 2570 1053 2626 alia

13 2650 17 2683 ¹
55 2681 182 2737 taceam,
203 2668 298 2741 ipsum
317 2668 434 2726 uerbum
456 2666 656 2727 commercio.
695 2663 814 2727 adduci
834 2669 981 2727 deservis
1001 2683 1053 2725 oc-

55 2763 172 2822 natibus
192 2765 278 2824 babet
299 2764 400 2824 Cicero
417 2782 476 2840 pro
498 2766 630 2837 Quinctio
649 2766 683 2844 6,
707 2763 746 2824 24
773 2771 802 2825 et
821 2766 952 2826 Donatus
966 2766 1053 2824 etiam

10 2830 14 2995 >
55 2865 86 2922 in
102 2861 207 2937 praes.
228 2862 392 2923 Eunsoobist
433 2861 476 2924 ad
504 2861 618 2924 ducem
640 2858 821 2924 Romanum
846 2861 1053 2944 peruenires

60 2959 130 3019 Oud.
142 2955 186 3019 ad
199 2956 364 3020 dominum
375 2957 468 3022 Rom.
483 2961 653 3042 peruenire
672 2962 700 3023 I.
712 2964 748 3022 F.
763 2945 923 3022 Gronovius
998 2977 1052 3040 po·

57 3055 157 3118 tuisse
185 3077 201 3117 ε
227 3063 303 3132 (soit.
330 3055 517 3120 Fenestella
543 3057 658 3132 docet).
699 3057 857 3142 potuisset
886 3058 958 3119 (ind

58 3155 94 3214 15
117 3151 232 3216 laudes
254 3151 383 3218 fucosae
407 3159 534 3230 Wotftus.
570 3152 700 3217 fucosae
722 3152 835 3216 laudes
857 3173 873 3214 ε
895 3154 968 3214 Oud

57 3260 93 3318 17
118 3270 154 3313 se
174 3250 217 3314 ad
236 3247 372 3314 Furium
394 3271 531 3315 coenare
548 3256 676 3327 Woidus.
712 3251 755 3314 ad
771 3249 905 3314 Furium
926 3269 961 3311 se
983 3268 1051 3311 coe-

54 3349 159 3412 nitare
183 3367 199 3408 ε
222 3349 295 3411 Oud.
383 3349 422 3412 18
442 3369 486 3428 sq.
507 3363 538 3412 ut
557 3353 630 3412 dedi
640 3353 767 3413 restitui
780 3349 956 3412 Bitsciteiius
970 3364 1048 3426 par-

53 3465 143 3521 eruon
163 3447 259 3507 Plaut.
275 3448 298 3507 Ι
305 3464 338 3522 p.
355 3446 432 3528 638,
455 3453 508 3525 qui
527 3453 665 3510 tantam
686 3452 728 3509 ita
746 3448 814 3522 fere
835 3448 952 3524 expleri
968 3461 1051 3522 posse
