2302 3908
328 260 609 322 EVNVGHVS.

327 853 528 947 Actis
568 853 598 947 Ι.

199 1051 447 1110 Prienam.
497 1052 723 1113 Prrnero.

65 1204 121 1264 uid
143 1205 243 1284 igitur
263 1202 397 1263 faciam?
418 1206 481 1264 min
502 1207 590 1265 eam?
611 1225 651 1267 ne
672 1207 754 1266 nime
776 1204 900 1285 quidem
978 1213 1015 1264 11

64 1325 140 1364 nom
162 1304 306 1363 arcessor
326 1302 434 1364 ultro?
464 1325 502 1364 an
523 1306 626 1386 pitius
646 1307 690 1365 ita
710 1324 759 1365 me
779 1308 963 1385 crimparem,

65 1423 106 1461 on
128 1402 259 1482 perpeti
280 1403 478 1461 meretricum
499 1402 719 1463 contumeliae?

65 1499 200 1561 relisit:
221 1505 364 1557 reuocat:
385 1497 534 1557 redeam?
554 1519 633 1578 non,
655 1503 681 1560 ei
695 1520 744 1561 me
769 1503 920 1562 tbsecret.

65 1596 209 1677 iqnidem
224 1596 333 1656 hercle
346 1598 463 1677 possis,
483 1596 528 1657 nil
542 1599 628 1679 prius
643 1618 743 1679 neque
759 1602 886 1661 itatius:
929 1610 965 1662 50
981 1617 993 1656 ⁵

70 1697 163 1757 emim
186 1698 213 1756 ei
235 1697 366 1775 incipies
387 1700 490 1776 neque
510 1697 680 1778 pertendes
702 1701 821 1760 nauiter

65 1800 164 1873 tque,
190 1795 242 1854 irbi
263 1795 328 1874 pati
345 1814 408 1854 non
428 1796 563 1875 peteris,
584 1816 674 1874 quom
690 1816 779 1856 nemo
802 1799 937 1877 expetet,

65 1893 162 1952 riecta
184 1910 261 1972 pace
281 1891 364 1952 ultro
386 1892 425 1952 td
446 1913 511 1953 eam
532 1895 655 1972 uenies,
674 1895 812 1954 indicans

65 1991 92 2050 'e
116 1994 221 2050 amite
244 1995 277 2049 et
296 1990 383 2049 ferre
401 1995 464 2050 nin
484 2011 590 2072 posse:
612 1997 757 2069 actumst,
780 1992 874 2068 ssieet,

65 2091 178 2149 'eristir
200 2086 323 2166 eludet,
347 2091 401 2149 irbi
422 2095 455 2149 te
476 2091 589 2150 uictum
611 2093 753 2150 senserit.
930 2100 1007 2152 5510

65 2191 141 2248 'roin
157 2189 210 2267 tri,
233 2187 305 2249 dnm
320 2196 368 2250 est
381 2195 518 2269 tempus,
535 2192 626 2251 e'tiam
642 2197 734 2269 atque
749 2189 841 2251 etiam
856 2190 966 2269 crigite,

65 2290 124 2348 ire:
148 2289 229 2367 quae
247 2307 299 2348 rer
319 2291 354 2348 in
374 2292 525 2369 seneque
545 2289 707 2350 consilium
725 2291 825 2369 neque
844 2288 966 2350 modum

65 2387 150 2447 {abet
173 2385 291 2466 illum,
311 2407 377 2449 eam
397 2387 525 2448 consilio
546 2408 658 2468 regere
680 2390 742 2450 natu
763 2395 862 2468 potes.

65 2503 82 2543 ιι
102 2487 209 2544 amere
231 2485 308 2545 haee
330 2488 429 2545 omnia
450 2490 554 2547 insunt
572 2488 662 2546 uitia:
684 2487 825 2564 iniririae,

65 2581 261 2662 inspitionee,
282 2583 476 2662 inimicitiae,
498 2584 647 2661 inditiae,
931 2593 1008 2647 601⁵

65 2680 185 2759 tellam,
206 2703 265 2762 pax
284 2703 422 2743 rursum:
442 2685 561 2743 ineerta
581 2685 656 2743 haec
677 2684 704 2743 ri
719 2691 753 2743 tu
766 2682 904 2764 pistulea

65 2780 178 2840 tatitne
201 2788 288 2841 certa
308 2781 430 2861 facere,
451 2781 516 2841 nilo
533 2782 603 2862 plis
625 2801 704 2860 agas,

65 2877 143 2953 luam
166 2881 193 2938 si
215 2878 270 2938 dee
293 2899 416 2960 operam
435 2888 468 2940 ut
490 2883 557 2940 cim
580 2883 699 2940 ratione
720 2882 863 2943 insaniae.

65 2977 89 3036 it
110 2977 195 3057 quid
217 2998 298 3038 nunc
318 2987 386 3041 tute
407 2984 508 3041 te'enm
529 2983 625 3041 iratus
647 2982 762 3059 erigitas

65 3075 169 3154 Egone
189 3075 290 3156 illam,
313 3098 390 3157 quae
410 3078 516 3157 illum,
539 3081 616 3158 quae
634 3099 683 3139 me
700 3098 777 3157 quae
797 3079 872 3137 non!
900 3081 966 3137 sine
984 3099 1010 3138 ro

368 3254 370 3258 Α
419 3177 521 3254 modo,
933 3183 967 3236 65

65 3270 130 3331 tlon‘
152 3292 202 3332 me
225 3271 345 3332 malim:
376 3276 491 3335 sentiet
513 3277 564 3353 qui
587 3278 634 3334 uir
656 3277 765 3334 eiem':

65 3367 131 3429 iaec
153 3371 252 3429 uerba
272 3370 327 3430 illa
349 3390 408 3430 una
427 3393 475 3433 me
498 3372 605 3433 hercle
626 3371 704 3433 falsa
726 3372 899 3453 ltcrimula,

65 3465 143 3539 inam
164 3467 270 3529 oeulis
289 3469 419 3530 terendo
440 3473 556 3532 misere
577 3472 631 3533 uix
648 3473 682 3534 ui
704 3469 913 3554 expresserit,

726 3559 771 3619 ὃ*
